2730 4264
348 334 450 385 328
843 330 1519 383 ANNOTATIONES
1546 329 2009 409 EDITORUM*

694 469 832 512 »Hos
851 478 1058 521 quoque
1077 466 1367 517 stelliferos‚
1389 466 1510 509 Dux
1527 466 1736 520 inclyte,
1751 478 1907 510 sume
1926 467 2158 510 labores«

346 540 415 596 (in
436 539 686 593 exemplis
707 537 988 581 Oxoniensi
1007 539 1057 579 et
1078 535 1429 592 Gottingensi)‚

807 606 945 649 »Hos
963 607 1248 657 Atlanteos,
1270 605 1389 648 Dux
1408 605 1617 660 inclyte,
1638 617 1788 649 sume
1807 606 2039 650 labores«

345 679 415 735 (in
434 679 673 732 exemplo
690 677 931 720 Gothano
946 675 1205 718 Friderico
1219 674 1501 718 Wilhelmo
1514 676 1827 730 proelectori
1840 676 2249 731 Septemviratus
2263 675 2506 720 Saxonici

346 747 922 860 doxssss'z-DGRAPHUM
937 814 1350 858 TAURINENSE
1364 817 1431 871 (p.
1441 815 1546 872 212)
1558 815 1993 859 transformatum
2007 819 2085 859 est
2096 827 2125 859 e
2135 815 2342 871 Vergilii
2349 815 2468 858 AEn.
2482 817 2503 858 1

343 888 430 930 204
448 899 523 940 sq.
545 890 596 929 et
614 886 659 927 X
677 885 706 928 6
725 897 800 939 sq.

412 954 922 999 AUTOGRAPHUM
942 954 1273 997 PRAGENSE
1292 954 1359 1010 (p.
1380 955 1485 1011 212)
1502 955 1758 1009 reperitur
1781 956 1835 998 in
1859 955 2048 1007 libello,
2076 955 2163 1009 qui
2188 955 2283 998 fuit
2303 955 2394 998 filii
2411 956 2505 1010 Ty—

343 1027 525 1070 chonis
544 1025 664 1079 (vid.
687 1024 736 1066 F.
753 1024 796 1075 J.
819 1021 1119 1075 Studnicka,
1147 1023 1354 1077 Praget
1373 1023 1722 1078 Tychom‘ana
1743 1025 1937 1082 [Pragae
1961 1024 2088 1082 1901]
2113 1037 2162 1079 p.
2187 1025 2239 1068 13
2259 1025 2411 1082 sqq.);
2439 1026 2504 1068 de

342 1096 512 1150 primo
532 1106 688 1138 versu
708 1094 773 1137 cf.
789 1094 998 1148 Vergilii
1018 1093 1137 1135 AEn.
1159 1094 1253 1136 XII
1272 1093 1373 1137 435.

411 1164 801 1207 EPIGRAMMA
821 1164 913 1206 AD
935 1163 1203 1206 DANIAM
1229 1163 1296 1219 (p.
1317 1164 1423 1220 214)
1446 1164 1600 1207 simul
1626 1176 1749 1208 cum
1770 1165 1975 1208 duobus
1998 1164 2385 1218 insequentibus
2405 1166 2505 1219 epi-

341 1234 645 1290 grammatis
669 1234 809 1276 mis1t
833 1234 1013 1288 Tycho
1041 1234 1266 1288 Keplero
1292 1233 1344 1275 iu
1370 1233 1590 1287 epistula
1616 1235 1664 1277 d.
1686 1234 1715 1276 9
1740 1247 1809 1277 m.
1832 1235 2140 1278 Decembris
2166 1247 2213 1277 a.
2244 1233 2355 1277 1599
2379 1235 2504 1278 data

340 1305 486 1361 (tom.
501 1304 619 1347 VIII
639 1316 688 1358 p.
709 1304 829 1360 211).

411 1375 478 1417 ad
496 1387 545 1428 p.
566 1373 721 1430 214‚2⁵]
741 1373 916 1416 Verba
949 1373 1105 1425 »Quae
1133 1385 1351 1417 renuere
1381 1373 1492 1428 alij«
1523 1373 1576 1416 in
1604 1373 1787 1417 codice
1816 1374 2040 1417 correcti
2067 1377 2187 1417 sunt
2214 1385 2279 1418 ex
2308 1374 2503 1417 »Dania

341 1456 459 1499 quae
479 1443 696 1495 renuit«;
718 1447 773 1487 at
791 1444 843 1486 in
862 1443 1082 1498 epistula
1102 1443 1327 1498 Keplero
1348 1443 1509 1486 missa
1527 1443 1744 1498 legimus
1767 1443 1926 1495 »Quae
1946 1443 2138 1487 Boreas
2156 1444 2368 1487 renuit«.

410 1515 478 1557 ad
503 1527 551 1568 p.
578 1513 734 1570 214‚³⁹]
768 1513 944 1557 Verba
979 1513 1137 1556 »Haec
1171 1513 1283 1568 alijs
1313 1513 1508 1567 pariter
1538 1514 1689 1556 dum«
1722 1513 1773 1556 in
1802 1513 1985 1557 codice
2018 1517 2258 1558 correcta
2288 1517 2408 1557 sunt
2437 1525 2504 1557 ex

343 1585 508 1627 »Dum
527 1584 720 1639 pariter
740 1583 902 1626 Danis
920 1583 1089 1634 haec«;
1115 1586 1170 1626 at
1187 1582 1239 1625 in
1259 1584 1478 1638 epistula
1499 1584 1723 1638 Keplero
1744 1584 1906 1626 missa
1924 1584 2140 1639 legimus
2164 1585 2331 1627 »Dum
2349 1584 2503 1627 slmul

338 1654 543 1707 Arctois
574 1654 737 1697 haec«.
772 1653 872 1696 Hae
903 1654 1024 1696 duae
1057 1652 1420 1708 discrepantiae
1454 1654 1780 1708 explicantur
1808 1653 1884 1706 iis,
1918 1665 2037 1708 quae
2070 1654 2289 1698 Nicolao
2318 1654 2502 1708 Cragio

340 1724 512 1768 amico
532 1723 737 1778 scripsit
749 1723 930 1778 Tycho
950 1724 999 1766 d.
1014 1723 1072 1766 24
1091 1735 1161 1766 m.
1179 1723 1354 1766 Martii
1373 1735 1419 1767 a.
1439 1723 1551 1767 1600
1568 1723 1714 1780 (tom.
1724 1723 1844 1766 VIII
1857 1735 1906 1778 p.
1921 1724 2041 1780 274),
2063 1735 2167 1778 quo
2186 1724 2503 1778 imperatore

332 1796 545 1851 jubente
565 1794 791 1837 Daniam
810 1794 1037 1848 patriam
1055 1793 1361 1847 Tychonem
1380 1793 1600 1836 invitum
1619 1793 1920 1837 nominasse
1939 1796 2096 1848 patet.

409 1865 801 1908 EPIGRAMMA
824 1864 907 1906 »SI
928 1863 1098 1915 QUID
1119 1863 1297 1906 AGAT
1313 1896 1322 1906 .
1341 1895 1351 1906 .
1369 1879 1409 1907 .«
1437 1863 1504 1919 (p.
1525 1863 1631 1920 215)
1652 1864 1705 1906 in
1724 1865 1913 1907 eodem
1934 1865 2116 1908 codice
2141 1864 2410 1918 reperitur,
2437 1875 2502 1907 ex

339 1947 443 1990 quo
463 1935 780 1989 sumpsimus
804 1934 1137 1988 »Astrologiae
1156 1933 1606 1988 meteorologicae«
1628 1933 1980 1989 fragmentum
1999 1933 2145 1990 (tom.
2168 1935 2188 1976 I
2208 1946 2257 1988 p.
2282 1934 2363 1976 177
2383 1932 2501 1990 sq.);

338 2006 431 2049 sed
449 2016 554 2048 non
574 2007 807 2059 apparet,
830 2014 934 2058 quo
952 2004 1223 2058 pertineat.

745 2127 877 2186 AD
907 2125 1435 2187 CARMINUM
1464 2126 2090 2187 APPENDICEM.

408 2214 620 2270 Collegit
643 2214 753 2269 ipse
777 2213 958 2267 Tycho
983 2225 1090 2257 non
1114 2214 1285 2257 solum
1311 2213 1549 2256 carmina
1574 2225 1686 2265 sua,
1715 2214 1808 2257 sed
1836 2213 1995 2257 etiam
2021 2214 2244 2256 aliorum
2269 2214 2321 2256 in
2346 2225 2501 2257 suum

336 2286 594 2329 honorem
626 2284 869 2327 confecta
896 2285 979 2327 vel
1011 2283 1263 2335 carmina,
1297 2283 1484 2337 quibus
1513 2283 1772 2327 Henricus
1801 2283 2093 2327 Ranzovius
2122 2286 2172 2326 et
2202 2283 2500 2338 Rudolphus

336 2355 624 2409 imperator
650 2355 716 2398 ob
743 2354 999 2397 beneficia
1018 2354 1071 2396 in
1088 2353 1394 2408 Tychonem
1413 2354 1606 2397 collata
1625 2354 1919 2397 laudantur.
1940 2353 2084 2396 Talia
2104 2353 2340 2397 carmina
2360 2364 2501 2397 com-

336 2426 631 2479 plectuntur
650 2424 859 2467 codices
878 2423 1310 2467 Vindobonenses
1334 2424 1420 2466 lat.
1447 2423 1611 2467 10686⁶
1630 2427 1681 2467 et
1705 2423 1885 2467 10686⁴⁹
1905 2423 2094 2478 aliique
2112 2423 2255 2466 haud
2275 2423 2429 2478 pauci
2448 2423 2501 2466 in

336 2495 492 2545 yariis
513 2494 854 2545 bibliothecis,
878 2493 1164 2536 Hauniensi
1182 2493 1463 2548 praecipue,
1486 2494 1754 2537 asservati.
1778 2493 1887 2537 Nec
1904 2505 2026 2537 raro
2039 2494 2166 2537 talia
2180 2504 2301 2537 cum
2318 2493 2500 2537 amicis

336 2564 748 2608 communicavit
771 2564 968 2618 Tycho,
998 2566 1056 2606 ut
1084 2575 1149 2607 ex
1177 2563 1407 2617 epistulis
1435 2564 1636 2607 discere
1663 2563 1798 2615 licet,
1827 2564 1966 2607 unde
1992 2563 2096 2607 hoc
2123 2574 2331 2618 quoque
2359 2574 2501 2607 com-

335 2635 579 2689 perimus,
599 2634 835 2689 Tychoni
848 2634 1007 2677 fuisse
1021 2634 1350 2688 propositum
1364 2634 1659 2677 carminum
1672 2634 1983 2678 fasciculum
1998 2634 2050 2676 in
2063 2633 2331 2688 publicum
2345 2634 2500 2676 edere

333 2705 478 2762 (tom.
495 2704 613 2747 VIII
634 2716 682 2758 p.
709 2703 823 2760 194).
852 2704 960 2747 Nos
983 2704 1108 2747 satis
1134 2703 1414 2747 habuimus
1433 2703 1592 2758 ipsius
1610 2704 1872 2759 Tychonis
1892 2703 2129 2747 carmina
2149 2703 2318 2746 edere.
2346 2703 2499 2746 Addi-

335 2775 505 2818 dimus
530 2774 897 2817 tantummodo
926 2773 1226 2828 appendicis
1252 2774 1372 2817 loco
1398 2784 1462 2817 ea
1487 2774 1726 2817 carmina
1743 2773 1797 2816 in
1815 2773 2074 2817 honorem
2093 2773 2355 2827 Tychonis
2381 2783 2500 2816 con—

334 2844 488 2896 fecta,
511 2857 630 2899 quae
648 2845 758 2899 ipse
775 2843 914 2898 typis
935 2844 1279 2887 describenda
1298 2844 1516 2896 curavit,
1536 2847 1594 2887 ut
1605 2843 1971 2887 Astronomiae
1986 2840 2355 2886 instaurandae
2371 2842 2500 2885 Pro-

333 2914 732 2968 gymnasmatis
763 2913 1220 2968 praemitterentur.
1256 2913 1393 2956 Nam
1425 2925 1546 2957 cum
1578 2914 1630 2957 in
1662 2914 2002 2968 quaternione
2033 2912 2204 2967 primo
2234 2912 2497 2967 Marpurgi

335 2988 621 3036 asservato,
652 2985 798 3039 cujus
827 2983 1148 3027 mentionem
1174 2983 1395 3027 fecimus
1418 2987 1546 3027 tom.
1569 2984 1615 3026 II
1640 2995 1689 3038 p.
1710 2983 1812 3035 439,
1843 2983 2047 3038 paginae
2073 2982 2390 3026 carminibus
2415 2983 2499 3025 de-

334 3054 539 3098 stinatae
558 3065 745 3097 vacuae
764 3054 961 3097 relictae
981 3057 1168 3105 essent,
1189 3057 1347 3108 atque
1360 3053 1499 3096 idem
1514 3054 1716 3097 factum
1729 3056 1866 3097 esset
1877 3053 1930 3095 in
1943 3053 2185 3106 exemplo
2201 3052 2499 3107 Regiomon-

333 3128 474 3175 tamo,
496 3124 548 3166 in
567 3125 681 3168 solo
701 3125 943 3179 exemplo
965 3123 1280 3167 Berolinensi
1297 3123 1380 3180 (de
1401 3135 1505 3177 quo
1525 3124 1627 3167 vid.
1649 3127 1777 3167 tom.
1799 3123 1868 3166 IV
1888 3135 1937 3177 p.
1957 3122 2062 3178 491)
2080 3122 2218 3176 typis
2238 3122 2498 3176 descripta

334 3197 453 3236 sunt
472 3205 535 3237 ea
555 3194 809 3246 carmina,
832 3205 951 3248 quae
971 3193 1055 3237 hic
1076 3193 1359 3237 attulimus.

1211 3298 1619 3341 ADDENDUM.

406 3370 513 3404 Nota
532 3370 559 3411 -ι-
580 3370 622 3404 in
646 3369 833 3414 margine
859 3369 1048 3405 interiore
1073 3368 1266 3404 editionis
1292 3369 1435 3414 posita,
1463 3380 1545 3414 qua
1572 3369 1625 3404 ad
1651 3370 1727 3404 has
1755 3368 2042 3404 annotationes
2067 3368 2238 3404 lectores
2263 3366 2497 3407 reiciuntur.

335 3427 447 3462 deest
466 3438 503 3471 p.
525 3428 638 3467 204,2.
