2730 4264
355 308 458 359 290
1033 306 1311 358 VARIAE
1337 306 1830 359 SCRIPTURAE

423 455 468 496 p.
491 443 573 486 136
598 454 642 486 ν.
664 444 682 486 1
715 442 812 487 Sin
836 443 980 499 vero]
1007 441 1069 485 Si
1093 443 1272 485 autem
1301 443 1338 484 C
1427 451 1470 486 v.
1490 441 1518 485 5
1543 441 1618 498 sit]
1644 441 1720 485 est
1742 442 1779 485 C
1874 442 1925 485 is
1949 442 2002 486 in
2025 442 2082 486 id
2106 454 2241 487 corr.
2263 445 2301 487 C
2388 455 2432 489 v.
2454 444 2503 488 11

348 501 506 555 pol3it
528 503 565 544 C
637 500 866 554 proferri
891 501 947 543 E:
971 500 1295 543 correximus
1319 511 1386 543 ex
1411 500 1449 542 C
1530 510 1574 543 ν.
1593 500 1646 543 21
1675 500 2000 554 Diaphanon
2027 501 2064 544 C
2145 511 2190 546 ν.
2208 501 2267 545 22
2289 501 2445 557 supra
2470 504 2509 546 C

353 570 396 602 v.
416 560 472 602 28
500 558 954 614 transparentiam]
969 557 1404 611 perspicuitatem
1426 558 1463 600 C
1523 568 1567 601 v.
1586 557 1644 601 32
1668 557 1998 616 circuitibus]
2018 558 2236 603 orbibus
2257 560 2310 604 C-.

421 628 467 670 p.
490 617 572 659 137
597 627 640 659 ν.
660 617 687 658 7
708 615 1017 672 percipitur]
1039 615 1412 669 perceptibilis
1436 616 1623 659 euadit
1644 617 1682 659 C
1770 626 1814 660 v.
1837 617 1891 660 13
1915 615 2292 676 diuersitatem]
2317 618 2509 662 discre-

347 675 589 728 pantiam
613 675 649 717 C
709 688 750 717 v.
773 674 826 716 18
852 678 972 716 ante
991 673 1134 716 circa
1154 674 1275 717 add.
1296 673 1459 717 etiam
1482 674 1533 717 C.

421 743 465 785 p.
489 732 571 775 138
589 742 632 774 ν.
652 732 680 774 2
705 735 824 774 ante
842 731 938 774 sex
957 731 1075 774 add.
1092 732 1222 785 plus
1242 732 1279 774 C
1347 742 1391 775 v.
1410 731 1439 774 4
1463 731 1675 788 dimidij
1697 731 1890 776 Minutz
1931 743 2226 787 paucorum
2251 732 2510 779 secundo-

351 802 466 833 rum
489 792 525 833 C
584 801 627 833 v.
651 790 704 832 16
727 788 1031 832 sublimiore
1051 790 1089 832 C
1148 800 1192 833 ν.
1211 788 1269 832 24
1291 789 1544 833 Alhazen
1571 791 1608 833 C
1667 801 1711 835 ν.
1730 790 1788 834 26
1813 795 1864 834 et
1963 801 2081 845 par.
2104 793 2161 836 E:
2183 793 2510 837 correximus

350 859 393 891 ν.
412 847 586 890 39-40
613 847 905 890 vastitatem
925 879 935 890 .
954 879 964 889 .
983 879 993 889 .
1011 847 1344 905 mensurans]
1370 848 1512 902 quod
1538 847 1833 899 vamtatem
1859 849 1930 905 (in
1957 849 2327 894 vastitudinem
2354 851 2511 908 corr.)

351 905 569 948 metitur
584 907 620 948 C
680 915 723 948 ν.
742 905 800 948 40
825 905 968 958 quod
985 905 1037 948 in
1055 904 1113 948 id
1131 916 1266 949 corr.
1289 906 1341 949 C.

419 975 463 1016 p.
487 963 569 1006 139
587 974 630 1007 ν.
650 964 678 1005 7
701 962 899 1016 ingerit
920 963 1330 1017 discrepantiam
1358 965 1395 1007 C
1453 974 1498 1008 ν.
1522 964 1575 1008 16
1599 975 1852 1019 magnam
1881 966 1919 1009 C
1978 976 2022 1010 ν.
2040 965 2099 1009 25
2123 969 2243 1021 post
2264 965 2363 1011 nisi
2387 967 2505 1011 add.

352 1021 441 1063 ubi
460 1022 511 1073 C,
533 1022 626 1064 sed
645 1021 834 1064 delevit
893 1031 936 1064 ν.
955 1021 1013 1064 33
1037 1020 1214 1065 adfert
1229 1023 1328 1075 EC,
1349 1023 1443 1066 sed
1462 1033 1597 1066 corr.
1620 1023 1672 1067 C.

417 1090 462 1132 p.
486 1079 570 1122 140
587 1090 631 1123 v.
654 1079 672 1122 1
703 1079 847 1122 enim
870 1091 974 1123 om.
997 1081 1034 1123 C
1053 1081 1301 1136 (deletum
1319 1081 1541 1138 videtur)
1588 1091 1632 1125 v.
1646 1081 1674 1125 3
1699 1081 1925 1125 humani
1941 1081 2149 1137 ingenij
2164 1082 2510 1127 imbecillitas

348 1136 423 1179 eit
446 1138 483 1180 C
561 1148 603 1181 v.
624 1138 651 1180 7
670 1137 1053 1195 pet-uestigare]
1073 1138 1358 1192 percipere
1385 1139 1422 1182 C
1498 1149 1543 1183 v.
1565 1139 1613 1182 11
1644 1140 1909 1197 naturam]
1935 1140 2246 1194 qualitatem
2275 1142 2312 1185 C
2389 1151 2433 1185 v.
2455 1140 2510 1185 14

347 1199 466 1249 post
484 1194 653 1238 affixa
675 1196 792 1239 add.
813 1195 934 1239 sunt
953 1197 1006 1248 C,
1033 1197 1126 1240 sed
1146 1197 1336 1240 delevit
1394 1207 1438 1241 v.
1457 1197 1515 1240 27
1540 1201 1661 1241 ante
1679 1198 1876 1241 addam
1898 1199 2111 1242 inseruit
2129 1209 2272 1242 nunc
2292 1199 2330 1242 C
2388 1209 2433 1243 v.
2451 1198 2510 1242 29

346 1253 621 1311 siquidem]
647 1265 772 1296 nam
801 1254 838 1296 C
939 1265 982 1298 v.
1001 1254 1060 1298 30
1090 1258 1209 1309 post
1232 1254 1415 1299 aeliiuo
1440 1255 1558 1299 add.
1588 1256 1803 1310 quando
1827 1254 2175 1300 resradtiones
2199 1255 2510 1301 maiusculae

345 1311 465 1354 sunt
482 1313 518 1354 C
567 1323 610 1355 v.
624 1312 686 1413 {3
699 1312 1160 1427 anfffiaduetfflur]
1179 1312 1542 1357 animaduerti
1554 1313 1713 1368 poBit
1728 1314 1766 1358 C
1814 1314 1929 1359 ν.40
1950 1314 2015 1372 R]
2037 1315 2066 1357 7
2083 1315 2120 1358 C
2171 1314 2345 1373 nobis]
2365 1315 2511 1370 apud

347 1380 448 1413 nos
468 1371 505 1412 C
566 1381 609 1414 ν.
713 1371 760 1416 7ὲ
870 1371 921 1413 C.

416 1439 461 1481 p.
485 1427 560 1471 141
586 1439 629 1472 ν.
652 1429 671 1471 1
701 1427 829 1472 satis
850 1440 954 1472 om.
978 1430 1015 1472 C
1081 1433 1200 1484 post
1224 1430 1518 1474 concordat
1539 1431 1658 1474 add.
1682 1431 1772 1474 vel
1790 1429 1977 1485 potius
1994 1431 2017 1478 ὲ
2037 1430 2304 1486 Scrupulo
2328 1430 2510 1475 minus

346 1485 421 1528 est
445 1488 481 1529 C
564 1497 607 1530 v.
627 1486 655 1530 3
682 1487 1065 1544 tantummodo]
1090 1486 1278 1531 saltem
1306 1489 1343 1531 C
1426 1499 1470 1532 ν.
1489 1488 1518 1532 3
1543 1488 1610 1546 Q]
1637 1489 1666 1532 9
1689 1490 1727 1532 C
1815 1499 1859 1533 v.
1879 1489 1907 1532 5
1930 1488 2313 1547 insensibiliter]
2338 1499 2446 1533 non
2472 1490 2510 1533 C

346 1555 388 1587 v.
408 1544 436 1587 9
462 1545 586 1598 quia
607 1556 711 1589 om.
729 1546 766 1588 C
813 1556 857 1590 ν.
880 1545 934 1588 14
959 1545 1267 1589 borealibus
1285 1547 1337 1589 in
1356 1546 1746 1590 borealioribus
1765 1558 1901 1591 corr.
1924 1548 1961 1591 C
2008 1558 2053 1592 v.
2075 1547 2248 1591 14—15
2271 1547 2515 1592 statuitur

345 1603 397 1645 in
420 1601 678 1646 statuatur
698 1615 832 1647 corr.
855 1605 892 1647 C
952 1615 996 1647 v.
1019 1604 1073 1647 17
1096 1603 1209 1647 sum
1238 1616 1342 1648 om.
1365 1606 1403 1648 C
1468 1615 1512 1649 v.
1532 1604 1590 1649 29
1615 1605 1838 1663 boreali]
1857 1606 2026 1660 paulo
2051 1605 2259 1650 boreali
2279 1606 2333 1649 in
2358 1605 2510 1651 bore-

345 1661 500 1703 aliori
518 1673 653 1705 corr.
676 1663 713 1705 C
773 1672 816 1705 ν.
836 1661 894 1705 39
918 1660 1076 1720 redte]
1097 1663 1343 1717 apprime
1362 1664 1400 1707 C
1459 1673 1503 1707 v.
1521 1663 1574 1707 41
1607 1663 1939 1708 verosimiles
1957 1665 2009 1708 C.

413 1730 458 1772 p.
482 1719 564 1762 142
583 1731 627 1764 ν.
650 1720 704 1763 13
729 1719 878 1764 suiBe
900 1720 1100 1774 optime
1126 1722 1164 1764 C
1223 1732 1267 1765 v.
1286 1721 1344 1764 27
1368 1721 1643 1765 Masthlini
1666 1723 1704 1766 C
1763 1733 1806 1767 ν.
1827 1722 1885 1766 30
1907 1721 1963 1766 81
1984 1723 2306 1781 scripsimus]
2331 1721 2391 1766 80
2408 1723 2506 1766 EC.

344 1788 387 1821 v.
407 1777 464 1820 35
490 1778 879 1821 occidentalior
894 1780 931 1822 C
990 1789 1034 1823 v.
1054 1779 1112 1823 39
1135 1779 1492 1824 Mestlinianae
1512 1781 1564 1824 C.

414 1847 458 1889 p.
481 1836 564 1880 143
582 1847 627 1880 ν.
646 1836 703 1880 26
729 1836 1021 1895 excusabit]
1042 1837 1277 1892 suggerit
1293 1839 1330 1882 C
1389 1849 1434 1882 v.
1452 1838 1511 1882 40
1536 1838 1663 1893 quin
1684 1839 1875 1884 delevit
1893 1840 1947 1883 C.

413 1905 458 1947 p.
481 1895 564 1937 144
582 1906 626 1938 ν.
650 1896 668 1938 1
699 1894 872 1939 edodti
896 1896 933 1939 C
1010 1907 1054 1940 v.
1073 1896 1102 1939 7
1125 1895 1224 1950 ipsi
1247 1896 1300 1954 C]
1326 1895 1381 1939 in
1410 1898 1446 1940 E
1523 1908 1567 1941 v.
1585 1896 1644 1941 30
1668 1896 1917 1941 ᾰὶ16ὁῖιιιῃ
1945 1909 2049 1942 om.
2072 1898 2109 1942 C
2181 1908 2225 1942 ν.
2245 1897 2296 1942 31
2328 1896 2509 1941 Philo-

342 1952 566 2007 sophum
587 1953 755 2010 (illum
777 1954 1008 2011 inseruit)
1027 1953 1292 2009 depicftum
1315 1956 1353 1998 C
1412 1965 1456 1999 ν.
1475 1955 1534 1999 40
1558 1955 1739 1999 serunt
1755 1957 1808 2000 C.

413 2022 459 2064 p.
477 2011 559 2055 145
578 2022 621 2055 ν.
639 2011 693 2055 14
710 2013 888 2055 locum
907 2013 1096 2056 delevit
1110 2014 1147 2056 C
1195 2024 1239 2058 ν.
1251 2012 1426 2058 24-25
1439 2013 1767 2069 principalia
1781 2014 2023 2058 membra
2038 2015 2076 2058 C
2124 2024 2168 2059 v.
2180 2013 2240 2059 30
2261 2013 2509 2059 Gemmae

344 2081 449 2113 om.
472 2071 509 2113 C
574 2081 618 2114 v.
638 2070 694 2114 39
722 2071 810 2113 vel
835 2082 939 2115 om.
963 2072 1000 2114 C
1069 2072 1158 2114 vel
1182 2071 1382 2116 docent
1405 2084 1510 2117 om.
1533 2073 1570 2116 C
1636 2082 1681 2116 v.
1700 2072 1758 2116 42
1782 2073 1884 2117 vid.
1908 2073 2272 2118 annotationes
2295 2075 2423 2117 tom.
2438 2072 2508 2116 VI

345 2128 581 2172 ad‘ectae.

409 2141 459 2240 {³-
482 2186 627 2287 146dv.
645 2186 674 2229 2
699 2186 814 2244 suit]
834 2186 908 2230 eit
926 2188 963 2230 C
1012 2198 1055 2232 ν.
1075 2187 1104 2231 6
1128 2198 1195 2231 ea
1215 2187 1327 2243 ipsa
1348 2189 1385 2232 C
1433 2199 1477 2232 ν.
1500 2189 1553 2233 18
1579 2188 1972 2234 subministrant
1987 2190 2025 2233 C
2079 2200 2123 2234 ν.
2141 2189 2200 2233 35
2223 2189 2508 2247 integrum]

344 2255 557 2288 commo
599 2256 685 2288 um
709 2246 760 2288 C.

413 2314 457 2356 p.
481 2303 563 2346 147
587 2314 631 2347 ν.
650 2304 679 2347 9
707 2303 1046 2358 Coperniana
1072 2305 1109 2348 C
1198 2315 1242 2348 v.
1265 2304 1313 2348 11
1343 2304 1670 2349 satisfaciunt
1691 2306 1945 2362 scriptum
1969 2306 2066 2350 fuit
2091 2307 2143 2350 in
2168 2307 2222 2358 C,
2252 2307 2346 2350 sed
2370 2317 2505 2350 corr.

342 2372 385 2405 v.
409 2361 463 2403 12
486 2361 790 2463 ωεέιιεΐίοη6
811 2363 862 2414 C,
890 2364 983 2406 sed
1003 2374 1137 2407 corr.
1199 2374 1243 2407 v.
1267 2363 1320 2407 16
1344 2367 1464 2419 post
1482 2363 1726 2408 edodtum
1755 2365 1875 2409 add.
1899 2364 2003 2408 el3e
2026 2366 2064 2408 C
2123 2375 2167 2409 v.
2186 2364 2245 2408 29
2269 2363 2506 2419 aliquam

343 2421 534 2463 delevit
595 2454 605 2464 .

413 2489 457 2531 p.
480 2478 562 2522 148
582 2490 625 2522 ν.
649 2479 702 2521 10
726 2478 966 2523 ascititiae
991 2480 1048 2522 et
1067 2478 1401 2524 secundariae
1425 2481 1463 2524 C
1529 2491 1573 2526 v.
1596 2481 1651 2525 18
1675 2481 2161 2525 Phaenomenorum
2190 2482 2228 2525 C
2292 2491 2337 2525 ν.
2355 2480 2413 2524 22
2437 2480 2509 2524 ad

343 2548 447 2579 om.
471 2537 507 2579 C
567 2548 610 2580 v.
630 2537 804 2580 26—27
826 2537 1222 2591 pertinentibus
1248 2550 1352 2582 om.
1374 2540 1428 2591 Ε,
1455 2543 1507 2583 et
1532 2543 1716 2594 postea
1740 2540 1994 2584 insertum
2014 2543 2093 2584 est
2110 2541 2164 2584 in
2183 2540 2221 2583 C
2282 2549 2327 2584 v.
2345 2538 2403 2583 33
2427 2537 2508 2582 in-

345 2595 494 2637 terim
527 2596 563 2638 C
624 2605 667 2639 v.
692 2595 743 2638 41
784 2596 856 2653 17]
890 2596 943 2638 16
971 2597 1008 2639 C
1097 2607 1141 2640 v.
1165 2596 1224 2640 42
1253 2597 1692 2653 subscriptionem
1724 2598 1873 2642 Tuus
1901 2597 2291 2642 amantissimus
2322 2596 2509 2652 Tycho

341 2653 522 2696 Brahe
543 2664 707 2697 manu
722 2654 942 2708 propria
962 2654 1122 2709 ipsius
1140 2667 1304 2699 manu
1323 2656 1524 2710 praebet
1544 2657 1596 2699 C.

411 2722 456 2765 p.
479 2711 562 2755 149
581 2722 624 2755 ν.
647 2712 759 2756 1-8
785 2713 1175 2767 inscriptionem
1202 2725 1306 2758 om.
1329 2714 1367 2757 C
1427 2725 1470 2759 v.
1494 2714 1548 2757 12
1567 2713 1973 2769 phaenomenmv
1997 2716 2035 2758 C
2096 2725 2139 2759 v.
2158 2713 2218 2758 30
2240 2712 2506 2758 refractio-

341 2781 469 2812 num
492 2771 529 2813 C
589 2781 632 2814 ν.
652 2770 710 2814 32
735 2770 871 2813 nihil
890 2771 995 2814 6136
1016 2773 1068 2815 C.

410 2839 455 2882 p.
479 2828 562 2872 150
580 2839 623 2873 ν.
643 2828 671 2872 3
697 2839 856 2883 quem
878 2831 981 2873 EC:
1004 2842 1139 2874 corr.
1155 2831 1194 2873 T
1253 2841 1297 2875 ν.
1316 2830 1373 2874 33
1401 2832 1460 2874 vt
1474 2831 1526 2875 in
1545 2842 1615 2874 ne
1636 2843 1771 2876 corr.
1794 2833 1846 2875 C.

410 2898 455 2940 p.
478 2887 554 2930 151
579 2898 622 2931 ν.
646 2887 692 2930 11
720 2888 953 2942 peritum
981 2889 1018 2932 C
1078 2899 1122 2932 v.
1141 2888 1200 2932 20
1223 2890 1386 2944 verba
1411 2889 1556 2933 circa
1577 2889 1924 2934 Horizontem
1951 2893 2071 2946 post
2095 2887 2319 2933 rest-acite
2343 2890 2410 2946 (v.
2431 2888 2508 2946 21)

340 2946 542 3046 ρτέῗτὸᾱ
567 2946 603 2988 C
681 2957 724 2989 ν.
743 2946 801 2989 27
820 2957 1115 3001 penetrare
1141 2949 1200 2990 E:
1222 2948 1412 2992 corr.T
1488 2959 1532 2992 v.
1551 2948 1609 2992 39
1634 2948 1873 2992 medium
1902 2960 2005 2994 om.
2029 2949 2067 2992 C
2149 2958 2193 2993 v.
2212 2947 2264 2991 41
2298 2945 2507 3003 Opticis

342 3002 397 3045 di
446 3004 495 3046 is
516 3005 566 3047 C.

409 3073 454 3114 p.
473 3062 555 3104 152
574 3073 617 3106 ν.
635 3062 688 3105 15
710 3063 889 3106 tamen
911 3075 1015 3107 om.
1038 3064 1075 3107 C
1122 3074 1167 3108 ν.
1184 3064 1238 3107 19
1257 3063 1582 3108 demonstret
1599 3065 1636 3108 C
1684 3076 1728 3109 v.
1742 3065 1792 3109 31
1817 3065 1978 3123 Nam]
1997 3065 2120 3109 Non
2141 3065 2194 3117 C,
2216 3064 2304 3119 qui
2322 3067 2505 3118 postea

339 3120 552 3163 inseruit
572 3120 733 3173 enim,
761 3133 866 3165 om.
888 3133 1016 3165 vero
1037 3133 1159 3175 non,
1188 3124 1330 3177 quod
1355 3123 1588 3177 sequitur
1646 3134 1691 3168 v.
1709 3123 1767 3167 39
1795 3124 1975 3167 tamen
1996 3135 2101 3168 om.
2124 3123 2176 3175 C,
2205 3123 2298 3167 sed
2322 3125 2506 3177 postea

339 3178 553 3221 inseruit
572 3183 689 3233 post
707 3190 831 3222 non.
1918 3180 1921 3183 ⁴

410 3247 454 3288 p.
477 3236 560 3279 154
578 3248 622 3280 ν.
645 3238 663 3279 1
689 3237 862 3295 prius]
882 3238 1023 3281 heus
1043 3239 1080 3281 C
1128 3249 1172 3282 v.
1191 3238 1220 3283 3
1243 3237 1559 3293 aequinoc‘tia
1580 3251 1647 3284 ex
1664 3238 2039 3294 aequinodtium
2063 3248 2286 3284 uernum
2308 3249 2443 3283 corr.
2465 3238 2504 3282 C

339 3305 382 3337 ν.
401 3293 458 3337 23
484 3294 614 3338 Sole
634 3296 690 3338 E:
713 3296 1039 3340 correximus
1058 3308 1123 3340 ex
1143 3298 1195 3341 C.
