2730 4264
716 330 1412 384 ANNOTATIONES
1440 329 1913 383 EDITORUM
2314 330 2419 382 325

207 472 495 516 commode
516 471 777 516 avocatis:
808 471 1104 526 Sperabam
1124 471 1481 523 nihilominus,
1503 482 1627 515 eam
1647 482 1755 515 non
1774 471 1998 514 nimium
2018 470 2072 514 in
2090 470 2283 514 talibus
2303 482 2420 525 pro-

207 531 514 587 gressuram3
547 531 634 574 sed
658 531 735 574 rei
762 531 1013 586 susceptae
1040 530 1266 575 obscura
1292 530 1622 582 difficultate,
1653 534 1705 574 et
1733 531 1982 575 laborum
2010 530 2064 574 in
2092 530 2301 574 calculo
2332 531 2421 574 ad-

208 590 671 634 ministrandorum
700 590 1060 645 magnitudine
1084 589 1330 642 fradtam,
1358 590 1541 645 sponte
1561 590 1653 634 sua
1671 590 1828 647 hujus
1849 590 1994 646 studij
2015 590 2179 635 taedio
2198 589 2419 633 tandem

208 648 459 693 affectam
479 649 556 693 iri.
578 649 735 701 Quod
756 661 922 704 quum
935 649 1024 692 illa
1037 649 1130 705 (uti
1145 649 1215 693 est
1230 649 1417 706 astuta)
1430 650 1839 705 persentisceret,
1861 649 2002 695 hanc
2019 650 2140 694 satis
2153 649 2418 705 prolixam

207 710 277 753 ad
296 720 384 752 me
404 709 547 752 dedit
566 708 864 763 Epistolam‚
892 708 946 752 in
972 711 1077 763 qua
1104 712 1300 763 praeter
1320 710 1440 761 alia,
1470 710 1589 754 suos
1607 709 1661 753 in
1680 709 2015 766 Astrologicis
2034 709 2329 765 progressus
2349 710 2420 752 lu-

207 769 444 813 culenter
469 771 880 820 commemorat,
911 771 963 812 et
989 769 1133 823 quod
1158 769 1299 812 hanc
1327 772 1499 812 artem
1526 769 1720 824 assequi
1745 769 1910 824 possit,
1940 781 2035 825 per
2062 769 2420 825 pyronomica

206 827 459 872 exercitia
489 827 721 882 probare
749 833 991 871 conatur.
1026 827 1175 872 Licet
1203 828 1345 872 enim
1373 840 1483 872 non
1511 840 1714 884 paucas
1743 829 1824 873 his
1855 829 2049 874 subesse
2079 829 2419 873 difficultates

206 898 663 943 praemonueram;
690 889 888 939 tamen,
917 887 1041 942 quia
1067 887 1148 931 his
1174 888 1429 942 superatis
1454 888 1600 932 haud
1623 889 2076 933 contemnendum
2098 890 2150 932 in
2168 889 2267 933 illis
2286 901 2420 944 prae-

205 946 570 1002 parationibus
596 945 895 1001 profectum
921 947 1107 990 fecerit
1131 947 1311 1004 (quem
1338 948 1501 991 etiam
1528 948 1736 992 affatim
1761 949 2015 1006 recenset)
2040 950 2185 992 nulla
2206 960 2419 1004 quoque

206 1007 259 1050 in
286 1005 620 1061 Astrologicis
648 1006 829 1049 futura
858 1006 1145 1059 obstacula,
1177 1019 1283 1062 quo
1312 1008 1487 1051 minus
1517 1011 1568 1051 et
1597 1019 1661 1052 ea
1690 1008 1886 1061 vincat,
1918 1012 2077 1064 atque
2108 1009 2235 1052 artis
2263 1009 2418 1065 hujus

205 1065 497 1121 penetralia
511 1065 849 1120 introspiciat,
865 1065 987 1110 inde
1002 1069 1423 1122 argumentatur:
1446 1067 1619 1122 Seque
1632 1067 1721 1123 huj
1727 1080 1788 1111 us
1803 1068 2130 1124 cognitionis,
2152 1069 2418 1112 industriae

206 1128 259 1170 et
282 1125 482 1169 laboris
507 1137 851 1180 nequaquam
877 1126 1148 1181 paenitere,
1180 1126 1267 1170 sed
1292 1126 1469 1181 potius
1488 1127 1656 1171 indies
1676 1128 1845 1183 magis
1865 1129 2140 1184 magisque
2161 1129 2274 1184 ejus
2295 1128 2419 1172 defi-

206 1184 354 1229 derio
375 1185 598 1228 accendi
618 1185 886 1240 fignificat,
915 1188 967 1229 et
991 1197 1096 1237 me,
1123 1189 1181 1229 ut
1207 1186 1419 1230 cursum
1444 1186 1731 1242 inceptum,
1759 1198 1866 1242 quo
1889 1189 2043 1243 plura
2062 1191 2115 1231 et
2134 1187 2418 1232 secretiora

206 1245 386 1297 discat,
407 1255 779 1299 promoveam,
802 1248 1048 1289 amanter
1065 1249 1238 1301 rogat:
1259 1246 1585 1301 tandemque
1598 1250 1706 1291 tres
1721 1247 2034 1301 quaestiones
2048 1248 2416 1304 Astrologicas,

205 1304 351 1348 haud
370 1304 620 1359 equidem
639 1305 798 1356 leves,
821 1308 914 1348 aut
928 1317 960 1348 a
974 1317 1032 1349 re
1053 1305 1252 1349 alienas
1273 1306 1537 1361 proponit,
1559 1318 1692 1361 quas
1714 1307 1806 1351 fibi
1824 1319 1920 1362 per
1940 1319 2028 1351 me
2047 1307 2237 1353 resolvi
2257 1307 2415 1363 cupit.

204 1364 377 1418 Atque
396 1364 517 1407 haec
538 1363 609 1408 est
627 1363 799 1407 ferme
820 1364 976 1420 hujus
996 1364 1236 1420 Epistolae
1261 1368 1376 1409 tam
1402 1366 1613 1410 occafio
1641 1378 1803 1421 quam
1831 1367 2053 1410 summa.
2082 1367 2260 1419 Quum
2286 1378 2416 1411 vero

204 1423 259 1466 in
283 1425 347 1467 ea
373 1434 480 1467 non
506 1434 683 1478 pauca
703 1424 1076 1468 contineantur
1094 1425 1164 1468 ad
1182 1425 1523 1481 Astrologicae
1549 1425 1676 1469 artis
1704 1426 2124 1470 declarationem
2148 1427 2415 1479 facientia,

205 1485 257 1527 et
282 1483 418 1527 forte
443 1482 496 1526 in
521 1483 603 1527 his
629 1484 881 1538 quaedam
911 1483 1074 1527 etiam
1103 1484 1409 1537 eruditiora,
1439 1497 1604 1539 quam
1634 1485 1750 1540 quis
1776 1498 1808 1529 a
1836 1486 2050 1530 Femina
2080 1486 2414 1542 expecftasset;

205 1554 314 1586 non
331 1542 788 1586 intermittendum
809 1543 951 1595 duxi,
974 1544 1100 1598 quin
1114 1555 1236 1588 eam
1250 1544 1374 1589 huic
1389 1544 1735 1600 Epistolarum
1749 1545 2239 1590 Astronomicarum
2255 1546 2416 1590 Libro

204 1601 509 1654 insererem3
538 1602 830 1657 praesertim
858 1615 1024 1658 quum
1051 1603 1214 1647 sciam
1239 1615 1327 1647 me
1346 1604 1400 1647 id
1420 1605 1507 1647 illa
1527 1616 1636 1649 non
1658 1605 1821 1649 invita
1847 1605 2048 1658 facere;
2077 1618 2249 1661 neque
2274 1605 2416 1649 enim

205 1662 338 1705 alias
354 1664 468 1705 tam
488 1662 692 1717 prolixe
713 1666 765 1706 et
784 1662 1058 1718 diligenter
1071 1663 1139 1706 ab
1154 1664 1263 1718 ipsa
1278 1664 1577 1720 conscripta
1589 1664 1771 1708 fuisset.
1794 1665 2081 1721 Subjiciam
2097 1669 2279 1709 autem
2294 1677 2416 1709 eam

204 1721 438 1776 primum
454 1722 659 1766 Danica
675 1725 727 1766 et
739 1722 969 1766 nostrate
987 1723 1177 1778 lingua,
1200 1724 1662 1778 quemadmodum
1681 1724 1837 1780 ipsius
1858 1737 2022 1768 manu
2043 1728 2265 1769 exarata
2285 1729 2415 1777 erat,

204 1781 441 1836 mihique
461 1793 527 1824 ex
547 1781 723 1825 vicina
743 1782 936 1825 Scania
955 1782 1267 1834 transmissa,
1297 1783 1674 1838 conscriptam:
1702 1784 1794 1827 ubi
1816 1784 2157 1829 nihilominus
2177 1785 2416 1829 consulto

205 1841 457 1895 quaedam
484 1841 612 1884 artis
637 1841 905 1885 vocabula
932 1842 1075 1898 (quae
1100 1842 1189 1885 illa
1217 1842 1338 1886 satis
1367 1854 1434 1886 ex
1461 1844 1556 1886 usu
1586 1844 1894 1898 quotidiano
1923 1844 2207 1888 familiaria
2237 1845 2417 1899 habet)

204 1911 312 1944 non
329 1900 556 1944 mutavi:
579 1901 815 1945 Eandem
829 1913 960 1945 vero
974 1901 1155 1957 postea
1167 1902 1221 1946 in
1237 1902 1485 1946 Latinam
1499 1903 1734 1958 linguam
1748 1904 2080 1956 conversam,
2101 1908 2160 1948 ut
2179 1908 2231 1948 et
2246 1904 2415 1948 Nostri

203 1959 461 2014 inexperti
493 1972 617 2004 eam
649 1961 952 2016 intelligant,
986 1961 1351 2018 subJuncturus
1384 1963 1513 2014 sum,
1548 1963 1803 2018 simulque
1834 1964 2099 2007 Danicam
2128 1976 2307 2008 meam
2340 1975 2417 2007 re-

205 2019 552 2074 rponfionem‚
572 2022 679 2063 una
700 2032 826 2064 cum
847 2021 1086 2077 ejusdem
1101 2021 1291 2065 Latina
1308 2022 1562 2075 versione,
1585 2034 1707 2078 quae
1728 2023 1890 2067 etiam
1905 2023 2211 2080 Astrologiae
2232 2024 2418 2068 studio-

205 2079 269 2122 fis
294 2091 403 2123 non
427 2079 649 2135 ingrata,
679 2080 756 2123 uti
783 2081 949 2135 spero,
982 2081 1286 2134 continebit,
1320 2081 1641 2126 subnectam.
1675 2082 1785 2127 Nec
1813 2083 1928 2137 quis
1954 2083 2306 2138 importunius
2333 2094 2417 2127 ca-

204 2138 412 2182 villetur
438 2143 531 2183 aut
555 2151 697 2195 aegre
722 2139 877 2192 ferat,
905 2141 1050 2195 quod
1071 2141 1277 2185 Danica
1298 2141 1437 2186 hisce
1459 2142 1660 2186 Latinis
1681 2143 2143 2195 commisceamus,
2172 2156 2338 2198 quum
2365 2146 2417 2186 et

203 2197 347 2242 idem
366 2198 418 2242 in
438 2199 601 2253 priori
613 2199 783 2243 Tomo
804 2199 949 2244 circa
964 2200 1314 2245 Germanicas
1334 2201 1651 2258 Landgravij
1674 2202 1917 2257 epistolas
1938 2202 2237 2247 fecerimus.
2260 2202 2416 2255 Quod

204 2270 371 2312 quum
389 2258 442 2301 in
464 2258 796 2303 Germanicis
821 2259 982 2313 licuit,
1009 2260 1247 2304 existimo
1271 2261 1435 2304 etiam
1454 2262 1508 2305 in
1528 2262 1745 2306 Danicis
1771 2262 1963 2306 merito
1989 2262 2283 2317 improbari
2308 2274 2416 2306 non

204 2317 413 2361 debere.
443 2318 581 2370 Quin
601 2319 762 2363 etiam
783 2319 905 2363 licet
925 2319 1247 2374 quibusdam
1267 2321 1488 2365 dubium
1509 2332 1730 2365 movere
1750 2322 1886 2366 forte
1905 2322 2070 2377 possit‚
2098 2335 2168 2366 an
2193 2323 2313 2367 haec
2340 2334 2416 2365 re-

203 2388 333 2420 vera
348 2389 380 2421 a
394 2377 610 2421 Femina
626 2379 790 2429 nobili
804 2380 959 2423 Dana
979 2380 1279 2435 conscripta
1292 2380 1352 2424 fit
1366 2380 1605 2436 Epistola,
1628 2394 1661 2424 a
1681 2381 2073 2436 praenominata
2094 2383 2272 2426 sorore
2293 2384 2415 2425 mea

202 2437 429 2492 proprijs
449 2437 620 2493 digitis
637 2439 991 2493 conscriptam
1007 2451 1074 2483 ex
1087 2440 1206 2483 aede
1220 2440 1332 2495 ejus
1344 2439 1528 2498 (quam
1542 2440 1596 2484 in
1609 2441 1801 2484 Scania
1815 2441 2093 2498 inhabitat)
2108 2442 2237 2488 mihi
2250 2445 2417 2485 trans-

203 2496 407 2540 missam
428 2497 543 2550 esse,
572 2501 624 2541 et
651 2499 795 2553 quod
814 2499 932 2553 plus
953 2498 1040 2551 est,
1067 2500 1250 2543 omnia
1271 2511 1393 2554 quae
1412 2499 1466 2543 in
1485 2503 1548 2544 ea
1570 2501 1921 2552 continentur,
1949 2502 2095 2544 illam
2117 2501 2240 2544 scite
2259 2504 2311 2544 et
2331 2512 2414 2544 ex-

203 2555 378 2611 pedite
398 2558 609 2610 callere,
638 2557 747 2601 imo
774 2561 827 2601 et
851 2559 1020 2613 plura,
1047 2559 1235 2613 hisque
1255 2559 1466 2615 majora
1486 2563 1538 2603 et
1557 2559 1857 2603 difficiliora
1880 2560 2062 2613 indies,
2091 2560 2342 2604 continuo
2363 2564 2415 2604 et

202 2615 451 2660 indefesso
472 2616 655 2668 studio,
677 2621 936 2671 quantum
950 2630 1047 2673 per
1059 2618 1191 2662 alias
1205 2619 1470 2663 molestias
1484 2622 1537 2662 et
1550 2619 1866 2663 domesticas
1881 2620 2261 2674 occupationes
2275 2620 2412 2672 licet,

203 2675 442 2731 gnaviter
456 2676 664 2731 assequi.
688 2677 873 2731 Neque
889 2677 1011 2721 sane
1023 2677 1076 2721 id
1092 2678 1228 2722 adeo
1245 2678 1441 2721 mirum
1457 2678 1556 2722 esse
1569 2679 1743 2730 debet,
1762 2691 1829 2722 ex
1846 2691 1951 2733 quo
1966 2679 2146 2722 Fulvia
2162 2678 2412 2734 Olympia

204 2735 415 2778 Morata
435 2735 489 2778 in
509 2736 855 2780 Germaniam
881 2737 1152 2790 transiens,
1180 2749 1303 2781 eam
1323 2738 1638 2782 Eruditionis
1662 2738 2100 2782 existimationem
2123 2739 2317 2793 adepta
2337 2739 2410 2790 fit,

119 2796 121 2799 '
202 2797 259 2837 ut
279 2797 332 2838 et
349 2795 403 2837 in
422 2795 716 2839 Academia
738 2796 1160 2852 Heidelbergenfi
1187 2797 1396 2852 publice
1417 2797 1673 2849 docuerit,
1702 2801 1753 2841 et
1778 2798 1970 2852 scripta
1994 2799 2249 2842 nonnulla
2268 2798 2322 2841 in
2342 2799 2413 2840 lu-

203 2865 324 2898 cem
351 2854 573 2899 ediderit
598 2854 855 2899 dodtrinae
881 2856 1162 2911 quusdam
1183 2859 1235 2900 et
1254 2857 1581 2911 Eloquentiae
1606 2868 1714 2900 non
1740 2857 1998 2912 expertia:
2026 2857 2117 2900 nili
2139 2857 2274 2900 forte
2294 2858 2412 2912 plus

204 2914 581 2958 admirandum
607 2915 682 2967 fit,
710 2915 963 2959 Sororem
988 2915 1129 2959 hanc
1155 2916 1389 2960 nostram
1415 2917 1568 2972 longe
1596 2917 1809 2960 altiores
1835 2920 1888 2960 et
1913 2916 2250 2960 abstrusiores
2270 2920 2411 2960 artes

203 2972 402 3026 secstari‚
425 2986 589 3029 quam
609 2974 919 3029 Eloquentia
938 2975 1026 3018 illa
1046 2976 1130 3018 vel
1152 2975 1515 3027 Ciceroniana,
1538 2976 1623 3019 cui
1643 2976 1822 3019 Fulvia
1843 2976 2027 3019 saltem
2048 2975 2258 3019 addicta
2279 2979 2409 3027 erat,

204 3032 459 3077 sustineat.
493 3033 677 3089 Neque
706 3034 850 3077 enim
880 3034 1177 3078 admodum
1206 3035 1420 3079 difficile
1449 3038 1565 3078 erat
1594 3035 1801 3079 mulieri
1829 3035 2030 3079 Italicae
2059 3038 2112 3078 et
2139 3035 2192 3078 in
2222 3035 2409 3078 Latina

203 3092 378 3148 lingua
399 3093 466 3137 ab
488 3093 821 3137 incunabulis
847 3094 1107 3146 institutae,
1134 3094 1187 3137 in
1213 3095 1404 3138 eadem
1431 3096 1740 3149 eloquenter
1759 3095 2164 3149 quodammodo
2191 3095 2334 3149 loqui
2359 3097 2411 3137 et

204 3152 444 3204 scribere,
476 3165 642 3208 quum
672 3165 767 3208 per
795 3153 846 3196 se
876 3153 1124 3197 mulieres
1155 3154 1210 3209 (fi
1240 3166 1362 3208 quae
1392 3154 1507 3197 sunt
1535 3154 1885 3211 cordatiores)
1916 3154 2144 3197 naturali
2174 3154 2409 3209 quadam

203 3211 453 3256 facundia
472 3212 631 3267 idque
652 3224 719 3256 ex
739 3213 938 3256 Lunari
951 3216 1002 3256 et
1018 3213 1323 3256 Mercuriali
1341 3214 1630 3266 influentia,
1652 3214 1893 3268 praeditae
1914 3214 2028 3265 fint;
2052 3214 2188 3257 adeo
2209 3216 2266 3256 ut
2285 3224 2411 3256 non-

203 3272 362 3314 nullae
395 3272 556 3315 etiarn
587 3272 772 3329 (modo
802 3284 910 3316 non
939 3273 1371 3329 quamplurimae)
1402 3273 1455 3316 in
1486 3274 1847 3328 garrulitatem
1877 3277 1930 3316 et
1957 3272 2409 3327 vaniloquentiam

203 3331 534 3385 degenerent.
557 3331 692 3384 Quae
706 3343 836 3375 vero
854 3332 1174 3388 Astrologica
1196 3332 1539 3375 artificialiter
1558 3336 1610 3376 et
1629 3333 1753 3376 scite
1773 3332 2028 3383 didicerit,
2049 3331 2407 3387 tractaritque,

203 3389 293 3433 vix
310 3390 476 3445 <quod
498 3391 678 3449 sciam)
697 3391 913 3435 Femina
938 3390 1195 3435 hactenus
1219 3392 1434 3435 inventa
1461 3392 1552 3444 est;
1582 3404 1745 3447 quum
1772 3391 1934 3436 etiam
1960 3392 2118 3447 pauci
2142 3391 2276 3435 inter
2298 3403 2407 3443 eos,
