2730 4264
358 328 460 378 242
1033 323 1311 374 VARIAE
1337 320 1828 373 SCRIPTURAE

427 475 471 516 p.
491 462 576 505 287
595 476 636 504 ν.
656 462 683 504 6
703 460 945 515 patescet
961 472 1026 502 ex
1040 457 1283 512 patescat
1299 468 1434 500 corr.
1462 458 1579 500 cod.
1641 469 1683 498 v.
1702 456 1739 499 8.
1749 459 1867 510 post
1886 455 2029 500 datis
2049 457 2167 500 add.
2188 456 2243 499 in
2263 458 2398 509 cod„
2418 459 2511 501 sed

359 522 547 564 delevit
606 534 646 562 v.
670 520 723 562 19
747 518 1070 571 Isopleurum
1099 517 1215 560 cod.
1236 516 1289 558 in
1308 515 1540 569 margine
1604 528 1645 558 v.
1664 513 1716 557 21
1747 514 2142 568 AEquicrurium
2169 515 2285 559 cod.
2306 516 2359 559 in
2378 527 2511 560 mar·

359 580 471 634 gine
531 592 571 620 v.
592 577 649 620 29
669 576 958 620 Scaienum
982 576 1097 618 cod.
1119 575 1171 616 in
1190 574 1437 628 margine.

427 648 471 689 p.
491 636 576 679 288
595 649 635 677 v.
660 635 713 677 16
737 635 899 677 verba
924 631 1196 685 Trianguli
1213 630 1533 684 Rec‘tanguli
1556 631 1715 674 etiam
1734 631 1786 674 in
1806 632 2038 686 margine
2056 631 2257 686 praebet
2277 632 2393 674 cod.

427 706 471 747 p.
491 693 576 736 289
595 707 636 735 ν.
656 692 706 735 31
731 695 848 746 post
865 690 1023 733 lateri
1040 690 1158 732 add.
1180 689 1281 732 reli
1301 690 1437 740 cod.,
1464 689 1557 732 sed
1576 690 1765 733 delevit
1824 703 1866 732 v.
1885 688 2059 732 31—32
2083 688 2346 742 reliquum
2370 690 2509 733 cod.:

358 752 680 796 correximus
705 748 707 750 ’
749 763 789 792 ν.
812 749 869 791 39
896 749 1058 791 verba
1083 747 1356 801 Tn‘anguli
1378 757 1485 790 non
1510 746 1830 801 Rectanguli
1856 748 2015 791 etiam
2042 748 2096 790 in
2123 747 2356 802 margine
2382 759 2513 801 prae-

358 812 444 854 bet
463 811 578 853 cod.

426 879 470 920 p.
490 867 577 909 290
594 880 635 908 ν.
655 866 682 908 8
707 868 825 919 post
849 864 1069 906 invento
1093 864 1121 906 Ι
1143 865 1261 907 add.
1286 864 1374 906 vel
1398 863 1467 907 ab
1490 863 1712 907 invento
1730 863 1783 906 ΙΙ
1801 863 1986 920 (prout
2006 862 2127 906 fieri
2144 862 2353 920 potest)
2376 864 2510 914 cod„

356 927 447 969 sed
473 925 662 967 delevit
721 937 761 966 v.
785 922 839 965 13
862 921 1217 976 multiplicato
1240 922 1381 979 (ante
1406 922 1547 976 quod
1572 922 1731 965 etiam
1755 920 1847 965 [ed
1871 922 1968 977 legi
1989 922 2211 977 videtur)
2235 926 2419 976 postea
2443 921 2513 964 in-
2597 917 2600 919 ’

357 984 514 1026 seruit
534 983 649 1025 cod.

425 1052 468 1093 p.
489 1040 569 1083 291
593 1054 634 1082 ν.
654 1039 710 1081 26
734 1038 838 1080 AD
857 1050 922 1082 ex
940 1038 1042 1080 AB
1062 1050 1196 1082 corr.
1219 1039 1336 1082 cod.
1398 1052 1439 1081 v.
1459 1037 1517 1081 34
1535 1037 1756 1081 invento
1775 1039 1915 1082 cod.:
1937 1038 2277 1082 correximus.

425 1110 469 1151 p.
489 1097 574 1140 292
593 1111 634 1140 v.
658 1098 676 1139 1
707 1096 1054 1139 ambientium
1082 1097 1136 1140 in
1160 1095 1527 1140 ambeuntIum
1556 1096 1783 1140 correxit
1808 1098 1924 1140 cod.
1951 1097 2071 1152 (hoc
2092 1097 2204 1140 solo
2227 1097 2366 1153 loco)
2424 1109 2466 1138 v.
2485 1095 2513 1139 8

355 1160 472 1211 post
491 1155 874 1209 complementi
893 1156 1010 1198 add.
1032 1154 1220 1198 lateris
1238 1154 1433 1208 reliqui
1451 1154 1673 1209 oppositi
1691 1155 1825 1206 cod„
1852 1155 1946 1198 sed
1965 1154 2155 1198 delevit
2213 1167 2255 1196 v.
2277 1153 2332 1197 12
2350 1154 2513 1201 verba

355 1214 510 1315 cagus
532 1213 670 1315 valrglj
688 1215 746 1314 1in
773 1215 1006 1315 margine
1033 1214 1235 1268 praebet
1259 1214 1376 1257 cod.
1406 1214 1565 1268 paulo
1593 1212 1727 1256 infra
1790 1226 1831 1255 v.
1854 1212 1909 1256 14
1936 1215 2054 1268 post
2077 1211 2259 1255 maius
2283 1212 2402 1256 add.
2428 1212 2517 1257 est

356 1284 419 1316 co
461 1305 488 1324 .,
509 1284 566 1315 se
657 1283 686 1315 e
707 1283 787 1315 ew
815 1305 825 1315 .

419 1413 548 1488 AD
575 1411 1180 1472 PROBLEMATA
1208 1412 1330 1471 DE
1355 1410 1921 1472 TRIANGULIS
1947 1409 2445 1471 SPHAERICIS

992 1560 994 1563 ,
1192 1500 1303 1559 ΕΤ
1329 1498 1675 1559 PLANIS.

423 1610 467 1651 p.
487 1598 573 1641 298
592 1613 633 1641 ν.
653 1598 710 1641 22
736 1602 855 1642 ante
870 1600 1033 1652 prout
1049 1599 1167 1642 add.
1193 1599 1249 1641 ut
1265 1598 1400 1650 cod„
1421 1598 1514 1641 sed
1533 1597 1737 1641 delevit.

596 1874 797 1961 AD
839 1872 1388 1964 TOMUM
1431 1864 2272 1962 SECUNDUM.

735 2013 867 2072 AD
894 2011 1537 2096 ASTRONOMIAE
1563 2008 2135 2071 INSTAURATAE

1013 2097 1862 2160 PROGYMNASMATA.

358 2195 388 2229 E
408 2208 453 2224 Σ
475 2194 608 2230 Editio
627 2193 819 2239 princeps
843 2194 981 2237 (1602).
1473 2194 1508 2229 0
1527 2206 1571 2223 =
1591 2191 1817 2235 Quaternio
1848 2191 2007 2236 primus
2036 2190 2251 2236 Marpurgi
2282 2192 2516 2226 asservatus

354 2242 387 2276 T
409 2254 454 2271 =
475 2241 599 2276 Index
619 2243 844 2276 erratorum
864 2240 1058 2276 editionis
1078 2240 1289 2286 principis.
1590 2239 1687 2281 (vid.
1712 2241 1808 2274 tom.
1836 2239 1873 2273 11
1905 2249 1943 2283 p.
1968 2238 2038 2273 439
2057 2238 2175 2283 sqq.),
2206 2247 2387 2283 quocum
2419 2246 2515 2273 con·

356 2289 386 2323 R
409 2301 452 2317 Ξ
475 2288 716 2332 Exemplum
736 2287 1120 2332 Regiomontanum.
1589 2285 1772 2321 sentiunt
1791 2284 2084 2330 quaterniones
2110 2284 2154 2319 in
2179 2283 2375 2328 exemplis
2395 2283 2515 2319 Bero-

355 2336 417 2370 ed.
443 2335 531 2369 1610
555 2347 600 2364 =
628 2334 762 2370 Editio
782 2344 806 2369 a
826 2334 1050 2370 Godefrido
1071 2334 1283 2379 Tampach
1308 2344 1398 2379 pro·
1587 2332 1823 2368 linensibus
1859 2334 1898 2367 et
1935 2330 2272 2376 Regiomontanis
2307 2328 2516 2370 asservati,

472 2384 611 2417 curata
632 2381 728 2422 (vid.
748 2384 844 2417 tom.
866 2381 902 2416 11
922 2392 960 2425 p.
980 2382 1078 2423 441).
1152 2380 1154 2382 ’
1588 2389 1765 2424 quorum
1786 2378 1856 2414 ille
1875 2378 1919 2414 in
1938 2389 2004 2423 pp.
2024 2379 2116 2413 3⁶-4
2135 2388 2185 2413 ea
2204 2376 2391 2414 carmina
2414 2386 2516 2421 prae-

357 2429 388 2463 V
408 2441 451 2458 z
473 2428 609 2463 Codex
639 2427 978 2463 vindobonensis
1015 2428 1081 2463 lat.
1118 2428 1271 2463 1068685
1303 2426 1399 2469 (vid.
1589 2427 1666 2466 bet,
1691 2436 1785 2471 quae
1807 2425 2000 2461 dedimus
2021 2424 2064 2460 in
2084 2423 2212 2469 hujus
2236 2423 2337 2460 tomi
2362 2434 2428 2469 pp.
2447 2423 2517 2459 216
2576 2464 2579 2466 ,

471 2477 566 2524 tom.
588 2475 625 2509 11
645 2485 683 2518 p.
699 2475 767 2509 446
780 2485 839 2519 sq.
861 2477 1041 2510 annotat.
1062 2474 1114 2510 ad
1133 2485 1171 2519 p.
1189 2474 1254 2509 117
1271 2485 1308 2510 v.
1327 2474 1373 2516 1).
1589 2473 1715 2508 —218.

424 2566 469 2608 p.
489 2555 517 2598 8
542 2569 583 2597 v.
602 2554 660 2598 32
684 2553 1027 2598 inferioribus
1051 2554 1140 2597 his
1165 2553 1479 2608 corporibus
1505 2554 1549 2597 Ο
1610 2566 1651 2595 ν.
1672 2551 1730 2596 34
1753 2551 2081 2595 incunabilis
2106 2552 2163 2594 E:
2192 2550 2518 2595 correximus

473 2613 856 2657 eloborandum
885 2615 942 2655 E:
965 2614 1304 2657 correximus.

425 2683 469 2725 p.
489 2673 517 2715 9
536 2686 577 2714 ν.
601 2672 654 2715 13
684 2671 1020 2715 Cometarem
1043 2673 1087 2715 Ο
1148 2685 1190 2714 ν.
1214 2671 1268 2714 17
1285 2669 1570 2715 Ptolemaei
1590 2670 1634 2713 Ο
1695 2682 1737 2712 ν.
1756 2668 1814 2712 29
1832 2667 2171 2712 committant
2187 2667 2247 2711 0.

426 2742 469 2784 p.
494 2730 548 2772 10
566 2744 607 2773 ν.
628 2730 802 2773 23-27
827 2742 931 2774 om.
955 2731 1015 2774 O.
1050 2775 1054 2779 .
1668 2741 1672 2745 ·

425 2800 469 2842 p.
494 2789 540 2831 11
566 2803 606 2831 ν.
627 2788 683 2831 36
704 2788 955 2842 petet-itis
973 2790 1031 2832 E:
1054 2798 1175 2833 corr
1212 2789 1292 2831 ed.
1318 2787 1443 2831 1610.

426 2859 470 2900 p.
494 2846 548 2889 14
566 2861 606 2889 ν.
631 2847 685 2890 10
710 2846 935 2890 deducta
956 2848 1016 2890 E:
1040 2858 1175 2891 corr.
1190 2847 1243 2890 T.

426 2917 470 2959 p.
494 2905 547 2947 15
566 2919 606 2948 v.
632 2905 685 2948 16
710 2905 918 2949 diurnis
943 2907 999 2948 E:
1029 2917 1163 2949 corr.
1184 2906 1222 2948 T
1301 2918 1341 2947 v.
1361 2904 1420 2948 23
1438 2914 1545 2958 per
1565 2904 1667 2947 hoc
1693 2904 1813 2947 loco
1839 2913 1944 2945 om.
1973 2903 2025 2954 E,
2052 2902 2145 2946 sed
2170 2901 2371 2956 praebet
2397 2902 2517 2942 ante

356 2964 619 3018 integrum
632 2975 648 3006 .·
666 2975 801 3008 corr.
817 2965 870 3008 T.

426 3034 469 3075 p.
495 3022 547 3064 17
566 3036 607 3065 v.
631 3022 684 3064 12
708 3026 827 3076 post
845 3021 1213 3066 refractionem
1237 3022 1355 3065 add.
1377 3020 1497 3064 fieri
1515 3022 1567 3073 E,
1589 3021 1682 3064 sed
1701 3020 1798 3063 del.
1813 3019 1867 3062 T.

427 3092 471 3133 p.
495 3080 548 3122 18
567 3094 608 3123 v.
628 3080 686 3123 20
711 3081 1002 3135 compet-im
1011 3091 1076 3123 ur
1090 3082 1147 3123 E:
1170 3091 1304 3124 corr.
1320 3080 1373 3122 T.

428 3150 472 3191 p.
497 3138 548 3180 19
567 3152 609 3181 ν.
629 3138 687 3180 25
706 3139 1098 3193 propemodum
1121 3151 1225 3182 om.
1248 3139 1306 3181 E:
1330 3138 1448 3181 add.
1463 3138 1518 3181 T.
1602 3144 1607 3147 “

428 3208 472 3249 p.
493 3195 549 3239 20
568 3210 609 3238 ν.
633 3196 686 3239 13
711 3197 860 3239 PVT
874 3197 1178 3251 scripsimus
1197 3209 1226 3240 e
1244 3196 1299 3253 T]
1319 3195 1419 3238 PR
1433 3196 1478 3238 T
1492 3197 1545 3238 E.

428 3266 473 3307 p.
493 3253 550 3296 23
570 3268 609 3297 ν.
629 3254 686 3297 38
710 3254 1107 3309 inperceptibili
1123 3257 1182 3298 E:
1205 3255 1544 3298 correximus.

429 3324 473 3365 p.
493 3311 550 3354 24
569 3326 609 3354 v.
630 3311 680 3354 21
713 3311 1046 3367 Αῖᾳιιίιιοὸὶίε
1067 3314 1124 3356 E:
1147 3313 1472 3357 correximus
1562 3319 1895 3364 comparatae
1914 3310 1972 3352 E:
1993 3307 2334 3352 correximus.
