2730 4264
817 323 939 375 AD
959 279 1300 376 TOMU·M
1327 320 1790 393 SEPTIMUM
2317 321 2409 372 301

202 466 312 510 Nic.
377 478 418 507 v.
439 463 498 507 20
524 467 647 508 ante
672 462 811 507 ratio
837 463 957 506 add.
985 461 1079 505 l'ed
1106 462 1218 506 Nic.
1289 475 1330 504 v.
1350 461 1402 505 21
1434 460 1756 518 stabilitatis]
1781 459 2091 504 subtilitatis
2117 461 2229 504 Par.
2291 474 2332 503 v.
2353 460 2410 503 22

198 524 318 568 Nec
334 523 446 568 Nic.
498 537 540 566 v.
554 523 613 567 23
632 522 814 580 atque]
835 523 893 566 et
910 522 1066 566 codd.
1082 525 1228 566 recte
1277 535 1319 564 v.
1333 521 1393 565 24
1411 521 1780 565 coalueruerit
1795 522 1908 564 Par.
1960 534 2002 563 v.
2017 519 2124 563 24-
2136 519 2195 564 25
2214 520 2354 563 Im0.
2372 553 2381 563 .
2398 554 2408 564 .

201 582 455 628 omnibus
476 594 582 626 om.
601 582 713 626 Nic.
766 595 808 625 v.
828 581 887 625 26
906 579 1154 624 caradias
1173 582 1286 626 Par.
1338 581 1410 638 et]
1431 592 1497 624 ac
1520 580 1632 625 Nic.
1684 594 1726 623 v.
1747 580 1805 624 27
1825 579 2273 623 commemoratis
2298 580 2408 623 Nic.

199 657 241 687 v.
261 643 319 687 29
344 642 508 700 nunc]
531 652 696 685 unum
721 641 834 685 Nic.
898 654 940 683 v.
960 640 1019 684 35
1043 639 1144 684 fiat
1162 640 1274 685 Nic.
1339 654 1382 683 v.
1402 640 1460 684 38
1485 639 1634 698 licut]
1658 641 1716 684 ut
1735 640 1846 684 Nic.

270 716 314 757 p.
337 702 422 745 187
442 715 484 744 ν.
504 701 533 744 6
558 700 652 759 ibi]
675 699 767 744 ubi
787 700 900 744 Nic.
917 712 946 744 c
961 712 1099 744 corr.
1152 699 1314 754 aquis
1334 712 1441 744 om.
1460 700 1573 744 Nic.
1626 713 1668 743 v.
1692 699 1747 743 10
1773 698 2003 743 caradtae
2023 701 2135 742 Par.
2188 713 2230 742 v.
2255 699 2309 742 17
2339 699 2410 757 ut]

199 773 265 806 ac
293 758 429 805 Nic.‘
494 774 536 803 v.
560 760 614 804 19
641 758 945 804 dubitarem
975 759 1087 803 Nic.
1182 773 1224 802 v.
1245 759 1304 802 22
1328 759 1647 814 impetuque
1673 771 1741 803 ex
1766 758 2109 814 impulsuque
2136 770 2273 803 corr.
2296 760 2408 803 Par.

199 836 241 866 v.
255 820 314 865 32
332 818 647 864 consensum
666 819 778 864 Nic.
822 818 929 863 eBe
944 818 1279 863 docetnobis
1294 819 1406 863 Nic.
1451 819 1704 863 eBetPar.
1739 833 1781 862 v.
1796 819 1854 863 33
1874 819 2087 874 etprius
2101 831 2168 863 ex
2182 817 2257 861 est
2271 830 2409 863 corr.

201 881 312 925 Nic.
376 894 418 923 v.
438 879 497 924 36
522 878 807 936 creaturis]
828 877 1125 922 creationis
1144 879 1197 922 in
1217 877 1503 922 creatioris
1524 890 1660 923 corr.
1684 878 1797 923 Nic.
1855 893 1897 921 v.
1918 878 1976 922 37
2000 878 2110 936 his]
2130 878 2273 922 lucis
2295 879 2408 922 Nic.

270 954 313 995 p.
338 939 422 984 188
442 953 484 982 v.
504 939 533 983 3
554 937 790 994 perfusis
817 938 1199 995 Nic.«(fortasse
1220 939 1427 994 melius)
1488 952 1531 981 v.
1551 938 1579 981 5
1606 937 1771 982 etiam
1800 950 1907 982 om.
1933 938 2044 982 Nic.
2108 952 2150 981 v.
2175 938 2230 982 10
2258 938 2415 993 tingit

198 1001 310 1044 Par.
361 1014 404 1042 v.
422 999 470 1042 11
495 997 642 1042 enim
666 997 772 1042 erit
789 998 902 1042 Nic.
954 1011 996 1041 v.
1015 997 1070 1041 14
1089 998 1273 1041 autem
1297 1009 1403 1042 om.
1423 998 1535 1042 Nic.
1594 998 1700 1041 eBe
1721 997 1956 1053 conijcio
1978 998 2089 1041 Nic,
2148 1011 2190 1040 v.
2208 997 2262 1041 18
2282 1009 2411 1042 con-

198 1057 507 1113 {ediumque
529 1058 642 1102 Nic.
697 1072 740 1101 v.
760 1056 819 1101 23
844 1056 1157 1115 caecutiunt]
1178 1056 1467 1101 excutiunt
1484 1058 1596 1101 Nic.
1650 1071 1691 1100 v.
1712 1057 1771 1101 25
1799 1058 2064 1115 veterum]
2088 1056 2262 1101 veteri
2280 1068 2412 1112 quo-

199 1119 325 1162 dam
355 1119 466 1162 Nic.
549 1131 590 1160 v.
612 1117 670 1161 28
696 1117 843 1172 quod
866 1116 992 1175 hoc]
1015 1116 1123 1161 hoc
1150 1117 1295 1171 quod
1321 1118 1496 1169 codd.,
1524 1118 1618 1161 sed
1645 1129 1783 1161 corr.
1806 1119 1918 1161 Par.
2004 1131 2046 1160 v.
2067 1117 2125 1160 30
2151 1117 2409 1161 continua

202 1179 312 1222 Nic.
388 1176 760 1233 planetarium
789 1177 903 1221 Nic.
986 1191 1029 1220 v.
1050 1176 1102 1220 31
1134 1176 1280 1220 enim
1308 1176 1585 1231 imaginor
1607 1177 1719 1221 Nic.
1807 1191 1849 1220 v.
1869 1176 1928 1220 32
1953 1181 2074 1232 post
2099 1177 2260 1225 cuius
2287 1178 2408 1220 add.

202 1237 296 1281 uni
314 1237 427 1282 Nic.
492 1251 534 1280 v.
554 1236 613 1281 35
633 1235 908 1292 profundo
930 1236 1043 1281 Nic.
1107 1250 1149 1280 v.
1169 1235 1228 1280 42
1253 1232 1424 1294 νόους]
1446 1236 1602 1280 Hoas
1624 1237 1754 1289 Nic„
1776 1240 1835 1280 ut
1853 1237 2075 1280 videtur.

270 1310 313 1352 p.
338 1296 422 1340 189
442 1310 485 1340 v.
508 1296 563 1340 12
582 1295 746 1340 nostri
765 1296 877 1340 Nic.
930 1310 972 1340 v.
996 1296 1051 1340 16
1071 1296 1265 1354 eoque]
1286 1306 1355 1339 eo
1376 1296 1487 1353 Nic.
1540 1310 1582 1339 v.
1606 1296 1661 1339 17
1680 1297 1808 1339 ante
1830 1308 1936 1340 om.
1955 1297 2067 1340 Nic.
2121 1310 2162 1339 v.
2187 1296 2241 1339 18
2261 1295 2408 1339 enim

198 1356 320 1400 l‘unt
337 1356 450 1400 Nic.
514 1370 557 1400 v.
580 1356 636 1400 19
664 1366 795 1399 vera
817 1356 930 1401 Nic.
994 1369 1037 1399 v.
1057 1355 1117 1399 20
1144 1356 1294 1414 vero]
1312 1354 1453 1399 mihi
1470 1357 1581 1399 Par.
1640 1369 1682 1398 v.
1702 1355 1755 1399 21
1785 1355 1904 1399 l'unt
1926 1356 2036 1400 Nic.
2098 1369 2139 1398 v.
2159 1355 2217 1398 22
2243 1354 2410 1399 etiam

199 1426 400 1471 magno
428 1416 540 1460 Nic.
617 1429 659 1459 v.
679 1415 738 1459 23
762 1415 937 1474 illum]
962 1414 1134 1470 ipl'um
1165 1415 1278 1459 Nic.
1354 1429 1397 1458 v.
1417 1415 1475 1459 26
1500 1414 1695 1459 merito
1721 1427 1828 1460 om.
1850 1417 1961 1459 Par.
2037 1430 2079 1458 v.
2099 1415 2157 1459 28
2182 1416 2407 1458 laudum

198 1477 310 1520 Par.
365 1476 513 1519 tuum
536 1476 966 1530 accuratumque
985 1474 1216 1518 studium
1241 1475 1352 1519 Nic.
1396 1489 1438 1518 v.
1452 1474 1505 1519 31
1530 1473 1807 1519 serenitati
1825 1476 1882 1519 et
1894 1474 2121 1529 puritati
2141 1475 2253 1519 Nic.
2297 1488 2338 1518 v.
2352 1474 2411 1518 33

114 1568 117 1571 .
199 1546 330 1579 cura
351 1535 465 1579 Nic.
529 1549 571 1579 v.
591 1535 651 1579 42
676 1533 1038 1590 experientiae
1061 1534 1172 1579 Nic.

269 1609 312 1649 p.
337 1594 422 1639 190
441 1608 484 1638 ν.
504 1594 541 1638 2·
558 1593 668 1638 Dei
684 1595 949 1650 posterius
969 1606 1076 1639 om.
1100 1594 1213 1638 Nic.
1278 1608 1320 1637 v.
1341 1594 1370 1638 3
1394 1593 1582 1638 [umus
1606 1595 1717 1637 Par.
1782 1608 1824 1637 v.
1844 1595 1873 1638 8
1899 1593 2105 1638 conflat
2122 1606 2189 1637 ex
2208 1593 2415 1637 constat

200 1666 337 1699 corr.
361 1655 475 1699 Nic.
539 1668 581 1698 v.
602 1655 631 1698 9
656 1654 822 1698 aliam
847 1666 953 1699 om.
978 1654 1090 1698 Nic.
1154 1668 1197 1697 v.
1221 1653 1276 1697 10
1301 1653 1583 1708 reperiunt
1602 1653 1713 1697 Nic.
1778 1668 1819 1697 v.
1844 1653 1899 1697 15
1926 1653 2270 1711 sextantem]
2294 1652 2412 1697 Sex

202 1715 384 1758 tamen
407 1714 519 1758 Nic.
590 1728 632 1757 v.
656 1714 711 1758 18
737 1715 980 1769 optarem
1011 1714 1123 1758 Nic.
1189 1713 1395 1768 possem
1426 1713 1539 1757 Nic.
1609 1727 1651 1756 v.
1672 1713 1731 1756 20
1755 1712 1901 1757 inter
1919 1724 2020 1757 vos
2039 1712 2267 1768 scriptas
2297 1713 2408 1757 Nic.

199 1787 241 1817 v.
261 1773 320 1818 24
346 1773 416 1817 lic
433 1807 443 1818 .
464 1806 474 1817 .
493 1806 503 1817 .
515 1772 836 1829 prael'agijlti
860 1785 967 1818 om.
989 1774 1101 1817 Par.
1178 1787 1220 1816 v.
1240 1772 1299 1816 25
1323 1771 1440 1831 fati]
1467 1771 1594 1816 facti
1618 1773 1731 1816 Nic.
1813 1787 1855 1816 v.
1876 1773 1934 1816 28
1962 1773 2092 1830 tum]
2122 1774 2267 1816 tuum
2296 1774 2408 1816 Par.

199 1848 241 1877 v.
261 1833 314 1877 31
345 1833 496 1891 nixa]
518 1833 672 1877 iuxta
693 1833 807 1878 Nic.
859 1847 902 1877 v.
923 1832 982 1877 36
1001 1834 1059 1876 et
1075 1831 1283 1890 fanum]
1304 1843 1371 1876 ac
1390 1832 1578 1876 Ianum
1604 1833 1715 1876 Nic.
1768 1846 1809 1875 v.
1830 1832 1888 1876 39
1908 1832 2035 1876 casu
2056 1834 2276 1876 autom.
2295 1833 2408 1876 Nic.

199 1907 241 1936 v.
255 1892 426 1937 40—41
453 1894 656 1937 eventu
671 1891 1009 1936 infeliciores
1022 1894 1081 1936 et
1093 1893 1205 1936 Nic.
1245 1906 1288 1935 v.
1302 1891 1355 1935 41
1381 1892 1752 1936 evaduntNic.
1797 1892 2285 1946 deprehenduntur
2296 1892 2408 1935 Nic.

272 1966 316 2007 p.
333 1952 411 1997 191
436 1966 479 1996 v.
497 1953 515 1996 1
541 1952 671 1996 illas
685 1951 1000 2010 divinaque]
1021 1951 1260 2006 illasque
1275 1950 1463 1995 divina
1486 1952 1598 1995 Nic.
1651 1966 1693 1995 v.
1708 1952 1736 1996 5
1755 1951 1993 1995 Mirifico
2013 1952 2125 1995 Nic.
2178 1966 2220 1994 v.
2234 1951 2262 1995 6
2282 1951 2413 1995 Pro-

199 2011 474 2068 gnosticon
502 2012 616 2057 Nic.
680 2026 722 2055 v.
743 2013 772 2055 7
797 2011 1062 2055 eximiam
1090 2011 1293 2055 debere
1313 2022 1405 2054 me
1428 2010 1525 2055 tibi
1550 2011 1662 2056 Nic.
1727 2025 1769 2054 v.
1790 2011 1818 2055 9
1843 2015 1965 2067 post
1989 2011 2136 2065 Mag.
2160 2012 2280 2055 add.
2303 2010 2413 2054 Do-

200 2070 337 2115 mini
355 2072 468 2116 Nic.
520 2086 563 2115 v.
580 2071 636 2116 15
655 2072 822 2116 etiam
838 2071 944 2115 hoc
966 2071 1080 2116 Nic.
1132 2085 1174 2114 v.
1188 2070 1241 2115 21
1269 2072 1320 2114 te
1334 2069 1635 2115 excitatum
1659 2071 1772 2115 Nic.
1824 2085 1867 2114 v.
1881 2071 1939 2115 38
1958 2070 2182 2126 iudicijs
2203 2071 2411 2128 Nolten]

200 2131 422 2187 indiciJ’s
442 2132 560 2176 cod.
623 2146 666 2176 v.
686 2131 745 2175 39
771 2130 1012 2190 eveniat]
1035 2129 1224 2175 veniat
1242 2130 1450 2175 Nolten.

271 2205 315 2246 p.
339 2191 423 2235 192
448 2205 491 2235 ν.
511 2191 540 2235 9
571 2201 796 2236 oramus
822 2191 1016 2236 Noltcn
1106 2205 1148 2234 v.
1173 2190 1229 2234 14
1260 2189 1585 2235 clariBimus
1615 2191 1807 2235 Nolten
1898 2204 1940 2233 v.
1965 2190 2019 2233 15
2053 2189 2412 2234 Swuntanius

203 2251 394 2295 Nolten
443 2265 485 2295 v.
505 2250 565 2295 20
589 2250 772 2310 aegris]
793 2250 944 2306 agris
965 2251 1159 2295 Nolten
1214 2264 1257 2294 v.
1277 2249 1336 2294 23
1360 2250 1482 2308 nos]
1504 2261 1594 2294 me
1617 2250 1809 2295 Nolten
1862 2264 1904 2293 v.
1925 2250 1984 2293 24
2009 2250 2093 2308 eo]
2114 2260 2181 2293 ac
2202 2250 2409 2293 Nolten.

271 2325 315 2365 p.
338 2310 423 2355 193
442 2325 484 2355 v.
508 2311 563 2354 12
591 2311 810 2355 videtur
826 2311 1018 2356 Noiten
1066 2324 1109 2354 v.
1133 2310 1188 2354 16
1217 2310 1307 2354 tua
1328 2322 1435 2354 om.
1456 2311 1649 2355 Nolten
1698 2324 1740 2353 v.
1761 2310 1813 2353 21
1844 2309 1995 2354 suam
2018 2310 2090 2353 ad
2110 2320 2199 2353 me
2222 2310 2413 2353 Nolten

200 2385 242 2414 v.
262 2370 321 2414 28
344 2369 726 2415 secretioribus
754 2371 963 2429 Nolten]
988 2369 1296 2414 secretioris
1316 2370 1435 2414 cod.
1499 2384 1541 2413 v.
1562 2369 1614 2414 31
1646 2368 1888 2413 extracta
1917 2370 2109 2414 Nolten
2128 2373 2292 2413 recte:
2316 2380 2413 2412 ex-

204 2428 384 2475 truc‘tae
410 2431 529 2475 cod.
593 2444 635 2474 v.
655 2430 715 2475 34
739 2429 948 2475 constat
964 2430 1034 2474 de
1055 2429 1340 2474 destillatis
1367 2431 1559 2474 Nolten
1626 2443 1668 2473 v.
1688 2430 1747 2473 37
1773 2430 1977 2473 multas
2006 2429 2214 2486 Nolten]
2241 2429 2412 2472 multa

202 2490 320 2534 cod.
365 2501 426 2533 ⁴v.
446 2490 505 2534 39
529 2489 643 2549 ipli]
663 2489 720 2534 ei
739 2491 946 2535 Nolten.

271 2563 316 2604 p.
340 2549 425 2594 196
448 2559 490 2594 ν.
509 2549 569 2595 39
600 2550 768 2594 buius
796 2549 931 2594 anni
956 2550 1010 2594 in
1038 2551 1158 2594 cod.
1187 2550 1308 2593 add.
1338 2550 1449 2605 ipse
1474 2549 1657 2604 Tycho
1738 2548 1926 2603 recepi
1954 2560 2020 2592 ex
2049 2548 2244 2602 accepi
2272 2559 2408 2592 corr.

200 2610 398 2664 Tycho.

272 2682 316 2723 p.
339 2669 424 2713 197
443 2683 486 2712 ν.
509 2669 528 2712 1
561 2668 770 2713 obtinui
795 2670 916 2715 add.
932 2669 1116 2725 Tycho
1185 2683 1228 2712 v.
1248 2668 1276 2712 6
1302 2668 1662 2712 declarabant
1678 2680 1744 2711 ex
1765 2668 2052 2711 declarant
2074 2679 2211 2711 corr.
2227 2667 2410 2722 Tycho

201 2742 243 2772 v.
267 2728 323 2772 10
351 2727 680 2773 testabantur
701 2741 769 2774 ex
796 2728 1057 2782 testantur
1078 2741 1215 2773 corr.
1231 2728 1416 2784 Tycho
1487 2741 1528 2771 v.
1554 2726 1727 2772 13—14
1752 2726 2172 2771 conservaturus
2198 2739 2265 2771 ex
2284 2737 2411 2781 per-

201 2787 417 2832 ltiturus
443 2800 581 2833 corr.
603 2789 787 2844 Tycho
850 2803 892 2832 v.
916 2789 971 2833 16
997 2792 1119 2833 ante
1149 2789 1296 2832 tanto
1322 2788 1576 2843 scriptum
1606 2787 1702 2830 fuit
1727 2786 1951 2839 interea,
1984 2787 2078 2830 sed
2105 2787 2204 2830 del.
2227 2786 2410 2841 Tycho

202 2862 244 2891 v.
267 2847 322 2892 17
346 2859 417 2891 ne
444 2861 511 2893 ex
536 2858 645 2892 non
672 2848 748 2893 eli
773 2849 919 2904 quod
945 2860 1083 2893 corr.
1105 2848 1289 2903 Tycho
1351 2861 1394 2890 v.
1414 2847 1473 2890 22
1500 2848 1683 2891 tantus
1704 2847 1962 2889 cumulus
1987 2857 2054 2889 ex
2081 2846 2228 2891 tanta
2250 2856 2411 2889 occu-

197 2907 350 2962 patio
363 2920 501 2952 corr.
515 2908 699 2963 Tycho
748 2922 792 2952 v.
806 2907 866 2953 30
886 2911 1008 2953 ante
1022 2907 1512 2952 inculcalientadd.
1529 2905 1587 2950 id
1600 2906 1727 2950 Friis
1740 2906 1988 2963 (fortasse
2002 2918 2031 2949 e
2047 2906 2164 2949 cod.
2181 2906 2409 2957 Pulcov.‚

201 2970 260 3011 ut
278 2979 423 3023 saepe
443 2967 601 3025 infra)
649 2982 692 3012 v.
712 2968 771 3012 36
796 2968 925 3012 illac
945 2968 1274 3025 scripsimus]
1293 2966 1422 3010 illas
1443 2967 1561 3010 cod.
1617 2979 1658 3009 v.
1679 2965 1736 3010 38
1758 2964 1956 3019 primis
1976 2964 2118 3022 Friis]
2134 2964 2411 3019 prioribus

203 3027 320 3071 cod.
388 3026 627 3082 postu1at
651 3028 794 3086 Friis]
824 3027 900 3071 est
928 3029 1046 3072 cod.
1117 3041 1160 3070 v.
1185 3027 1238 3070 41
1276 3025 1472 3070 causas
1502 3027 1629 3069 ante
1659 3024 1832 3069 dicias
1861 3025 2003 3082 Friis]
2033 3023 2250 3068 causam
2283 3024 2410 3067 ante

106 3115 109 3117 -
203 3085 397 3130 dictam
416 3088 535 3131 cod.
581 3101 623 3131 v.
637 3087 696 3131 42
716 3086 1016 3132 difficulter
1025 3087 1168 3145 Friis]
1184 3085 1467 3130 difficilem
1484 3086 1603 3130 cod.
1655 3085 1918 3128 nonnulla
1934 3084 2077 3141 Friis]
2091 3083 2275 3137 aliqua
2291 3084 2408 3127 cod.

273 3159 317 3200 p.
340 3146 424 3191 198
443 3160 485 3190 v.
506 3146 534 3190 2
555 3146 736 3202 primo
756 3147 926 3191 mitiis
952 3159 1018 3191 ex
1040 3146 1239 3202 primis
1259 3145 1372 3189 illis
1398 3157 1535 3190 corr.
1551 3145 1735 3200 Tycho
1798 3158 1839 3186 v.
1860 3143 1888 3187 3
1917 3143 2024 3187 tuis
2042 3142 2241 3197 primis
2267 3142 2409 3200 Friis]

197 3204 396 3259 primis
427 3205 535 3249 tuis
564 3207 683 3251 cod.
765 3221 807 3250 v.
834 3207 862 3251 6
888 3206 1112 3262 prorl'us
1140 3207 1246 3250 hoc
1275 3207 1397 3250 loco
1427 3205 1570 3262 Friis]
1600 3207 1720 3259 post
1749 3201 2026 3247 coniectas
2055 3203 2259 3257 praebet
2288 3203 2407 3246 cod.

203 3278 245 3308 v.
263 3265 318 3308 10
337 3266 579 3320 optatum
601 3266 896 3311 l‘ucceBum
918 3266 1213 3311 habuerint
1228 3265 1372 3323 Friis]
1390 3263 1485 3308 tibi
1498 3265 1681 3319 optato
1694 3262 1725 3306 I
1720 3262 1930 3306 ucceBu
1945 3261 2272 3316 contigerint
2289 3262 2407 3305 cod.

203 3338 245 3367 v.
268 3324 323 3368 19
350 3326 401 3368 te
427 3325 571 3384 Friis]
599 3338 705 3370 om.
729 3327 848 3371 cod.
912 3340 955 3369 v.
975 3325 1027 3369 21
1059 3323 1248 3380 rapias
1274 3336 1341 3369 ex
1365 3334 1560 3378 rapere
1582 3322 1750 3378 poBis
1777 3334 1914 3366 corr.
1937 3322 2119 3376 Tycho
2182 3335 2223 3364 v.
2244 3321 2303 3364 22
2329 3320 2410 3363 in-

204 3383 438 3439 dulgeas
457 3385 600 3443 Friis]
623 3386 674 3429 te
696 3384 935 3430 oblectes
957 3386 1075 3430 cod.
1139 3398 1182 3428 v.
1201 3384 1261 3428 40
1286 3384 1437 3428 haud
1456 3383 1600 3441 Friis]
1620 3393 1728 3426 non
1750 3383 1868 3426 cod.
