2730 4264
740 776 875 837 AD
906 775 1515 838 MUTATIONES
1542 774 1824 836 AERIS.

306 890 491 943 ODEX
504 889 945 942 Vindobonensis‚
968 901 1128 944 quem
1149 889 1543 945 exscripsimus,
1564 901 1595 932 a
1611 887 1773 932 variis
1789 887 1977 931 scribis
1995 887 2271 932 confectus
2289 891 2384 940 est,

329 962 418 1017 qui
434 961 689 1017 Tychone
716 961 1031 1005 moderante
1057 961 1270 1016 singulis
1296 961 1481 1005 diebus
1508 973 1541 1004 a
1566 971 1751 1003 mense
1776 959 1996 1003 Octobri
2023 959 2147 1003 anni
2177 959 2290 1003 1582
2316 960 2386 1003 ad

176 1044 417 1078 mensem
436 1033 672 1088 Aprilem
693 1032 817 1076 anni
841 1032 969 1085 1597,
997 1032 1050 1075 id
1077 1036 1156 1076 est
1175 1044 1343 1087 usque
1362 1032 1417 1076 in
1435 1032 1489 1075 id
1507 1034 1734 1086 tempus,
1763 1042 1870 1086 quo
1889 1030 2073 1086 Tycho
2093 1031 2147 1074 in
2167 1042 2231 1074 eo
2253 1035 2383 1084 erat,

175 1108 234 1148 ut
256 1104 486 1160 patriam
513 1104 847 1159 relinqueret,
877 1104 1014 1147 aeris
1040 1107 1238 1148 statum
1260 1103 1667 1159 descripserunt.
1696 1102 1798 1154 Qui
1816 1102 2010 1146 fuerint
2028 1102 2100 1145 illi
2118 1102 2386 1157 Tychonis

176 1176 432 1232 discipuli,
461 1175 651 1231 quibus
676 1175 781 1219 hoc
807 1175 1078 1230 negotium
1099 1175 1467 1220 concreditum
1487 1177 1617 1227 erat,
1645 1185 1744 1218 nos
1767 1174 2057 1230 diJ'udicare
2077 1185 2185 1218 non
2204 1185 2387 1229 possu-

176 1260 312 1300 mus,
339 1248 434 1292 sed
460 1259 652 1291 manus
678 1247 807 1290 satis
833 1247 1018 1290 multae
1042 1246 1285 1302 distingui
1307 1249 1543 1302 possunt.
1573 1246 1767 1289 Manus
1786 1246 1961 1301 prima
1981 1245 2190 1301 scripsit
2210 1246 2387 1290 obser-

175 1319 417 1373 vationes
440 1331 472 1362 a
500 1319 538 1362 l.
562 1319 611 1362 d.
634 1318 883 1362 Octobris
905 1330 951 1362 a.
978 1318 1092 1361 1582
1113 1319 1183 1362 ad
1207 1318 1275 1362 12.
1298 1319 1347 1361 d.
1369 1317 1562 1373 Aprilis
1583 1330 1630 1362 a.
1657 1316 1792 1370 15833
1821 1318 1869 1360 d.
1897 1317 1964 1360 13.
1986 1317 2177 1372 Aprilis
2199 1331 2246 1362 a.
2273 1317 2386 1361 1583

175 1390 354 1446 incipit
380 1402 573 1434 manus
592 1389 845 1441 secunda,
875 1401 996 1444 quae
1017 1393 1097 1434 est
1117 1390 1243 1434 Eliae
1264 1390 1382 1434 Olai
1402 1389 1615 1433 Cimbri.
1646 1388 1747 1433 Hic
1768 1400 1894 1432 cum
1915 1391 2103 1432 aestate
2125 1389 2249 1432 anni
2272 1388 2387 1432 1584

175 1462 574 1517 Fruenburgum
604 1464 655 1504 et
684 1461 899 1517 Regium
928 1464 1169 1505 montem
1197 1461 1298 1505 iter
1325 1461 1632 1516 susciperet,
1665 1463 1723 1503 ut
1750 1460 1812 1504 iis
1841 1460 1989 1512 locis,
2018 1460 2109 1504 ubi
2138 1461 2386 1505 observa-

173 1534 345 1577 tiones
365 1533 662 1577 instituerat
682 1532 1021 1588 Copernicus,
1048 1533 1156 1588 poli
1180 1532 1510 1576 altitudinem
1533 1532 1843 1576 observaret
1868 1531 1990 1588 (vid.
2012 1535 2142 1575 torn.
2166 1533 2212 1575 ΙΙ
2233 1545 2282 1588 p.
2304 1533 2384 1585 303

174 1608 304 1649 torn.
320 1605 392 1648 VI
411 1617 461 1660 p.
482 1605 586 1657 103;
608 1607 738 1648 tom.
761 1604 807 1647 X
825 1616 875 1659 p.
891 1603 979 1647 345
998 1604 1150 1661 sqq.)‚
1171 1604 1334 1648 etiam
1354 1604 1408 1647 in
1427 1604 1610 1647 itinere
1631 1603 1770 1647 aeris
1789 1606 1988 1647 statum
2009 1603 2315 1648 observavit
2334 1608 2387 1648 et

175 1676 227 1719 in
246 1676 420 1721 libello
443 1676 740 1728 annotavit;
763 1679 819 1719 at
835 1678 1030 1719 ceterae
1044 1675 1199 1732 hujus
1214 1675 1418 1731 generis
1433 1675 1834 1720 observationes
1847 1674 1960 1718 fere
1975 1686 2163 1719 omnes
2180 1675 2386 1719 Hvenae

178 1748 338 1791 factae
365 1751 502 1801 sunt,
528 1759 720 1803 paucae
744 1747 1121 1791 tantummodo
1144 1746 1373 1791 Hauniae
1393 1747 1478 1791 vel
1503 1746 1616 1790 aliis
1642 1735 1774 1790 l'ocis
1794 1746 1994 1790 vicinis.
2024 1748 2158 1790 Cum
2179 1747 2314 1791 Elias
2335 1751 2387 1791 et

176 1819 338 1863 ceteri
350 1819 586 1875 plerique
600 1819 807 1863 Danico
821 1829 1070 1862 sermone
1082 1821 1314 1870 utantur,
1336 1829 1528 1873 paucae
1541 1821 1725 1861 tamen
1738 1818 2109 1863 annotationes
2123 1818 2385 1862 confectae

175 1893 297 1934 sunt
323 1891 513 1935 Latino
539 1901 789 1934 sermone
814 1890 899 1933 vel
927 1889 1265 1934 Germanico.
1298 1889 1498 1934 Diebus
1526 1902 1558 1933 a
1584 1891 1626 1933 5.
1648 1890 1868 1945 Augusti
1898 1890 1968 1933 ad
1995 1891 2038 1934 5.
2062 1890 2386 1945 Septembris

177 1975 223 2006 a.
250 1961 363 2005 1585
387 1962 544 2006 tertia
570 1973 763 2005 manus
789 1964 1028 2016 apparet,
1057 1973 1179 2016 quae
1200 1961 1392 2005 Latino
1418 1972 1667 2005 sermone
1692 1961 1869 2014 utitur,
1898 1962 2083 2005 diebus
2104 1974 2136 2005 a
2156 1963 2198 2005 7.
2222 1962 2290 2005 ad
2310 1961 2383 2006 26.

175 2033 366 2089 Aprilis
386 2046 433 2077 a.
460 2033 573 2077 1586
599 2045 792 2076 manus
819 2036 1027 2088 quarta,
1056 2033 1105 2077 d.
1127 2033 1201 2076 27.
1225 2031 1473 2076 Octobris
1499 2035 1552 2077 et
1578 2045 1611 2076 a
1635 2032 1678 2076 4.
1702 2033 1771 2076 ad
1791 2032 1834 2077 6.
1859 2033 2178 2077 Novembris
2200 2046 2247 2076 a.
2273 2032 2385 2077 1587
2434 2056 2438 2060 ,

177 2117 368 2149 manus
389 2105 585 2160 quinta.
614 2106 901 2159 Postquam
922 2104 1074 2154 desiit
1093 2103 1219 2147 Eliae
1239 2116 1447 2156 manus,
1475 2104 1656 2160 Incipit
1675 2116 1868 2147 manus
1887 2107 2038 2148 sexta
2059 2104 2108 2147 d.
2130 2103 2173 2147 6.
2195 2104 2386 2159 Aprilis

176 2189 223 2220 a.
244 2176 372 2229 1589,
394 2176 638 2232 septima,
661 2188 782 2231 quae
798 2176 1120 2220 Germanico
1141 2187 1391 2220 sermone
1410 2176 1588 2228 utitur,
1611 2176 1660 2219 d.
1676 2176 1750 2220 23.
1766 2175 1958 2231 Aprilis
1973 2188 2019 2219 a.
2041 2175 2169 2228 1590,
2192 2179 2386 2220 octava

176 2249 225 2292 d.
253 2248 326 2292 27.
355 2248 594 2304 eJusdem
621 2247 835 2299 mensis,
863 2259 1007 2291 nona
1033 2248 1083 2292 d.
1116 2248 1154 2291 l.
1185 2247 1327 2304 Maii,
1357 2247 1568 2291 decima
1595 2248 1643 2291 d.
1669 2247 1711 2291 6.
1735 2246 2000 2299 Octobris,
2027 2246 2217 2290 iterum
2244 2258 2387 2291 nona

176 2319 225 2362 d.
246 2319 314 2364 17.
332 2319 580 2364 Octobris
594 2319 833 2375 eJusdem
848 2319 987 2371 anni,
1010 2318 1294 2363 undecima
1310 2320 1358 2363 d.
1375 2319 1448 2363 23.
1460 2318 1489 2371 J
1491 2319 1600 2362 unii
1614 2331 1660 2362 a.
1681 2318 1810 2370 1594,
1827 2318 2053 2373 denique
2067 2319 2387 2363 duodecima

177 2391 225 2434 d.
253 2391 290 2434 1.
315 2391 635 2435 Novembris
656 2403 703 2434 a.
730 2390 857 2433 1595.

248 2462 389 2506 Inter
414 2462 785 2506 annotationes
812 2465 993 2505 autem
1019 2462 1465 2517 meteorologicas
1495 2462 1616 2506 aliae
1646 2462 1871 2517 adjectae
1900 2465 2036 2513 sunt,
2067 2462 2119 2504 in
2149 2461 2386 2517 margine

175 2534 487 2589 plerumque
515 2533 722 2589 positae,
755 2533 945 2588 quibus
971 2545 1056 2577 res
1081 2533 1364 2577 traduntur
1390 2533 1597 2578 Hvenae
1624 2536 1806 2589 gestae:
1840 2535 2141 2584 annotatur,
2170 2533 2384 2587 quando

175 2605 358 2660 Tycho
379 2605 566 2649 itinera
585 2604 893 2660 susceperit,
922 2605 1137 2659 quando
1160 2605 1408 2648 Hvenam
1431 2605 1722 2656 reverterit,
1752 2604 1946 2659 quique
1971 2604 2118 2646 illum
2140 2604 2382 2655 adierint;

177 2676 403 2732 aliaeque
428 2688 514 2720 res
539 2677 841 2720 referuntur
867 2676 1035 2732 magis
1061 2677 1146 2720 vel
1172 2676 1348 2719 minus
1375 2676 1769 2720 memorabiles.
1799 2675 1968 2730 HuJus
1994 2674 2198 2730 generis
2224 2686 2385 2719 anno-

174 2748 402 2792 tationes
417 2760 604 2792 omnes
617 2748 730 2791 fere
746 2747 935 2791 Latino
950 2759 1199 2792 sermone
1214 2747 1475 2791 confectae
1490 2750 1627 2798 sunt,
1649 2746 1744 2790 sed
1762 2747 2074 2801 plerumque
2090 2746 2382 2798 obscurius,

176 2831 302 2863 cum
321 2820 541 2863 nomina
561 2819 841 2864 hominurn
861 2819 1200 2874 littera-saepe
1218 2831 1328 2877 una
1346 2819 1430 2862 vel
1451 2819 1618 2862 altera
1640 2818 1961 2861 adumbrata
1980 2818 2096 2861 sint.
2364 2811 2366 2813 ’

248 2891 457 2934 Editum
478 2894 557 2934 est
577 2891 681 2935 hoc
703 2890 933 2934 diarium
955 2890 1183 2934 Hauniae
1204 2901 1345 2934 anno
1370 2889 1483 2933 1876
1504 2888 1751 2943 auspiciis
1771 2889 1943 2943 Regiae
1962 2888 2270 2932 Academiae
2289 2888 2385 2931 sci-

176 2962 440 3005 entiarum
458 2962 679 3006 Danicae
699 2964 1022 3017 procurante
1043 2961 1093 3005 F.
1110 2962 1163 3005 R.
1179 2961 1307 3005 Friis
1324 2961 1508 3019 (Tyge
1521 2959 1740 3003 Brahes
1760 2959 2224 3014 meteorologiske
2236 2958 2384 3013 Dag-

177 3032 296 3087 bog,
314 3033 470 3076 holdt
482 3044 594 3088 paa
616 3033 924 3088 Uraniborg
933 3031 1250 3076 forAarene
1268 3031 1440 3075 1582—-
1449 3031 1564 3074 1597
1562 3030 1610 3088 ),·
1627 3031 1819 3086 adJecit
1832 3042 1961 3074 vero
1975 3032 2164 3074 Paulus
2179 3032 2229 3074 la
2244 3031 2384 3075 Cour

177 3104 600 3159 explorationem
621 3105 863 3149 criticam
884 3104 1320 3148 observationum
1342 3104 1410 3147 ad
1430 3102 1867 3158 meteorologiam
1889 3102 2258 3157 spectantium.

249 3175 395 3228 Loci,
427 3176 516 3231 qui
543 3188 593 3231 p.
620 3177 648 3218 5
679 3175 991 3228 afferuntur,
1021 3175 1075 3218 hi
1104 3178 1247 3218 sunt:
1282 3174 1487 3219 Genes.
1520 3175 1618 3227 1,14;
1652 3173 1857 3218 Salom.
1882 3172 2013 3227 Sap.
2036 3174 2209 3226 7‚1⁷—19;
2243 3173 2379 3216 Bart.

177 3246 547 3292 Schoenbornii
570 3245 874 3302 computus
892 3245 1318 3290 Astronomicus
1336 3246 1675 3303 (Witebergae
1699 3244 1830 3302 1579)
1849 3244 1937 3288 fol.
1961 3244 2056 3287 78¹.

250 3317 618 3373 Interpretatio
638 3329 837 3362 vocum
859 3318 1188 3361 Danicarum
1209 3319 1260 3360 et
1280 3317 1438 3361 index
1457 3317 1736 3361 nominum
1762 3315 2099 3370 propriorum
2120 3314 2383 3369 reperiun-

176 3389 334 3431 turin
354 3389 458 3433 fine
479 3389 635 3445 huJus
654 3390 801 3432 torni.
