2730 4264
382 326 484 378 320
872 324 1552 376 ANNOTATIONES
1578 323 2038 377 EDITORUM

445 469 576 527 AD
606 467 890 527 DIARII
918 465 1532 525 ASTROLOGICI
1561 466 1673 525 ET
1701 466 2467 529 METEOROLOGICI

484 554 726 614 ANNI
761 553 913 612 1585
939 551 1548 612 PRAEFATIONIS
1573 552 2424 615 ADUMBRATIONEM.

449 660 580 702 Cum
598 658 651 700 in
669 660 848 700 nostro
866 659 1014 699 tomo
1034 658 1220 710 quarto
1241 666 1307 698 ex
1325 656 1448 699 Eliae
1464 656 1579 699 Olai
1593 656 1786 700 Cimbri
1803 656 1989 700 Diario
2007 658 2330 712 astrologico
2349 660 2405 703 et
2419 671 2533 703 me-

382 726 701 780 teorologico
720 724 850 768 anni
871 724 982 768 1586
1001 725 1502 769 commentationem
1521 726 1777 770 edidimus
1796 727 1860 770 de
1880 731 2090 771 cometa
2107 729 2228 771 anni
2249 728 2374 780 1585,
2394 729 2531 773 hanc

377 798 535 851 ipsius
564 796 823 850 Tychonis
851 806 982 849 opus
1010 805 1125 838 esse
1152 795 1645 848 demonstravimus,
1675 795 1771 839 etsi
1797 796 1920 840 Eliae
1948 798 2160 841 nomine
2186 798 2238 840 in
2266 798 2532 852 publicum

378 867 569 909 emissa
594 868 744 916 esset,
771 868 822 907 et
846 864 1165 907 mentionem
1191 864 1412 908 fecimus
1435 865 1758 919 praefationis
1782 866 1939 909 libelli
1958 867 2024 910 ab
2044 866 2158 921 ipso
2176 868 2424 921 Tychone
2447 870 2534 912 ad-

377 936 637 978 umbratae
660 934 806 991 (tom.
828 934 898 976 IV
916 946 964 988 p.
986 934 1104 990 513).
1133 934 1285 977 Hanc
1305 934 1763 978 adumbrationem
1781 947 1919 979 nunc
1939 937 2131 991 publici
2144 937 2272 992 juris
2292 937 2530 990 facimus,

376 1009 432 1047 ut
453 1003 673 1058 intellegi
696 1003 873 1058 possit,
901 1004 1169 1057 quomodo
1190 1004 1443 1059 discipulo
1462 1015 1558 1048 suo
1578 1005 1630 1047 in
1648 1005 1914 1059 publicum
1935 1007 2209 1060 prodeunti
2230 1007 2370 1050 viam
2389 1019 2532 1051 mon—

376 1073 618 1117 straverit
635 1073 830 1127 Tycho.

446 1144 513 1186 ad
531 1156 580 1198 p.
606 1142 756 1199 149,u]
776 1142 970 1186 Versus
989 1147 1109 1186 sunt
1129 1143 1325 1186 Manilii
1342 1142 1560 1187 Astron.
1582 1144 1603 1186 1
1623 1144 1812 1187 35—42.
1832 1145 2020 1189 46--47.
2041 1146 2230 1189 51—54.

445 1214 513 1256 ad
532 1225 580 1268 p.
607 1213 759 1270 150,1⁹]
777 1213 881 1255 vid.
903 1212 1103 1256 Lucani
1122 1211 1368 1256 Pharsal.
1390 1213 1436 1256 X
1458 1213 1541 1256 184
1559 1225 1672 1268 sqq.

445 1284 512 1326 ad
531 1295 580 1337 p.
606 1282 757 1339 150,2⁹]
778 1282 844 1326 cf.
863 1282 1012 1326 Ovid.
1026 1281 1141 1325 Art.
1158 1293 1263 1325 am.
1285 1283 1306 1325 1
1331 1282 1432 1326 184:
1458 1283 1777 1327 »Caesaribus
1796 1284 1960 1328 virtus
1979 1285 2190 1340 contigit
2209 1289 2329 1329 ante
2348 1286 2532 1330 diem«.

445 1354 512 1396 ad
531 1364 579 1407 p.
606 1352 757 1409 15o,³e]
777 1352 856 1395 De
877 1352 1146 1396 Hadriano
1166 1352 1483 1407 imperatore
1502 1352 1568 1396 cf.
1589 1356 1717 1397 tom.
1740 1354 1761 1396 Ι
1781 1366 1830 1408 p.
1852 1353 1947 1405 9,22.

374 1563 504 1622 AD
529 1561 1213 1622 ADDITAMENTA
1233 1563 1366 1622 AD
1388 1563 2124 1624 APOLOGETICAM
2154 1565 2532 1625 RESPON-

743 1649 1103 1710 SIONEM
1130 1650 1262 1709 AD
1291 1650 1729 1711 CRAIGUM
1757 1650 2164 1711 SCOTUM.

442 1755 520 1798 De
546 1754 762 1798 consilio
787 1754 1050 1808 Tychonis
1075 1753 1360 1809 Apologiae
1386 1756 1452 1798 ad
1479 1755 1720 1810 Craigum
1749 1755 1887 1799 datae
1916 1756 2068 1799 simul
2097 1767 2220 1799 cum
2248 1757 2476 1811 epistulis
2502 1769 2534 1799 a

373 1825 555 1879 Craigo
576 1824 644 1867 ad
662 1835 719 1867 se
738 1824 873 1867 datis
894 1827 1050 1879 atque
1069 1825 1222 1880 hujus
1246 1823 1603 1880 Capnuraniae
1621 1824 1970 1868 restinctione
1989 1826 2121 1869 libro
2141 1837 2237 1870 suo
2250 1826 2334 1869 De
2347 1825 2537 1869 mundi

371 1893 598 1938 aetherei
619 1893 1009 1938 recentioribus
1028 1894 1412 1949 phaenomenis
1437 1895 1779 1951 adjungendae
1805 1896 2003 1951 egimus
2027 1896 2081 1939 in
2103 1903 2232 1940 tom.
2254 1897 2324 1940 IV
2343 1909 2427 1951 pp.
2448 1897 2534 1940 517

373 1969 423 2008 et
441 1965 543 2017 522,
570 1968 622 2008 et
644 1965 698 2007 in
723 1964 911 2008 eodem
929 1967 1077 2009 tomo
1096 1968 1290 2020 praeter
1306 1963 1630 2020 Apologiam
1653 1965 1909 2009 edidimus
1933 1965 2290 2020 capnuraniae
2309 1966 2535 2009 restinc-

374 2033 534 2078 tionis
548 2046 667 2088 quae
680 2037 893 2086 restant,
909 2035 1154 2089 epistulas
1167 2046 1294 2079 vero
1307 2035 1473 2090 Craigi
1487 2035 1555 2078 ad
1564 2035 1870 2089 Tychonem
1881 2039 1932 2079 et
1941 2035 2203 2090 Tychonis
2215 2037 2283 2079 ad
2294 2036 2534 2091 Craigum

372 2106 523 2148 datas
543 2105 799 2148 edidimus
818 2104 870 2147 in
887 2107 1036 2149 tomo
1048 2105 1159 2148 V11.
1181 2105 1435 2149 Addimus
1448 2116 1585 2148 nunc
1599 2117 1772 2159 pauca
1785 2106 1974 2149 eodem
1988 2106 2295 2161 pertinentia
2309 2117 2338 2150 e
2352 2106 2534 2150 codice

371 2174 762 2218 vindobonensi
786 2175 872 2218 lat.
894 2174 1008 2218 9737
1027 2175 1062 2227 f,
1090 2175 1177 2229 qui
1202 2178 1395 2230 praeter
1420 2175 1522 2218 alia
1547 2175 1778 2218 continet
1801 2178 2008 2229 partem
2033 2187 2234 2228 eorum,
2265 2188 2384 2230 quae
2410 2187 2534 2220 cum

373 2244 556 2299 Craigo
575 2245 658 2288 vel
679 2255 802 2287 eum
822 2244 934 2287 aliis
954 2245 1019 2288 de
1033 2244 1216 2300 Craigo
1229 2245 1410 2299 Tycho
1431 2244 1551 2300 egit;
1573 2245 1819 2298 epistulas
1837 2245 1890 2288 in
1910 2245 2012 2289 hoc
2033 2246 2217 2290 codice
2237 2249 2534 2289 asservatas

371 2314 629 2357 edidimus
648 2325 773 2357 cum
793 2314 978 2357 ceteris
997 2314 1261 2368 Epistolis
1281 2314 1661 2357 astronomicis
1679 2315 1955 2368 Tychonis.

441 2384 509 2426 ad
528 2395 576 2438 p.
602 2383 754 2440 156‚³1]
783 2384 1011 2438 Epistula
1035 2385 1104 2427 ad
1129 2384 1504 2428 cancellarium
1529 2384 1672 2439 regni
1697 2384 1889 2428 Scotiae
1913 2385 2005 2442 (Io.
2029 2385 2386 2442 Metellanum)
2410 2386 2534 2428 data

371 2465 435 2496 ea
454 2457 547 2505 est,
575 2465 737 2507 quam
756 2453 996 2497 dedimus
1014 2458 1142 2499 tom.
1157 2454 1252 2497 V11
1275 2466 1324 2510 p.
1345 2453 1431 2497 338
1451 2465 1586 2508 sqq.;
1615 2455 1779 2498 altera
1798 2466 1943 2507 vero,
1970 2456 2116 2511 cujus
2143 2455 2338 2499 mentio
2363 2455 2437 2507 fit,
2463 2455 2535 2498 in-

370 2523 574 2566 venitur
586 2523 812 2566 tom.VII
826 2535 874 2578 p.
885 2524 970 2567 307
978 2536 1053 2578 sq.
1070 2524 1202 2576 Quae
1214 2523 1363 2578 sequi
1375 2524 1530 2567 debet
1541 2524 1608 2580 (p.
1623 2524 1719 2577 157,
1730 2525 1778 2581 ⁵),
1794 2525 2052 2568 invenitur
2063 2524 2289 2568 tom.V11
2303 2537 2352 2580 p.
2361 2524 2448 2568 336
2455 2536 2531 2578 sq.

371 2593 567 2636 Omnes
586 2593 737 2637 nobis
755 2594 968 2637 tradidit
986 2594 1127 2637 idem
1146 2595 1331 2638 codex.

510 2798 640 2858 AD
670 2797 1423 2860 COMPOSITIONES
1450 2797 2394 2859 MEDICAMENTORUM.

442 2902 559 2946 Non
577 2904 749 2946 solum
770 2903 1158 2955 astronomicae,
1179 2903 1272 2947 sed
1292 2903 1453 2947 etiam
1472 2903 1729 2947 chemicae
1745 2903 1845 2946 arti
1857 2903 1976 2947 inde
1991 2915 2022 2946 a
2030 2903 2300 2958 juventute
2315 2913 2533 2957 operam

370 2972 510 3015 dedit
528 2973 724 3027 Tycho‚
753 2977 804 3016 et
823 2985 1147 3028 quamquam
1167 2984 1307 3017 nova
1325 2974 1476 3016 stella
1496 2985 1542 3016 a.
1569 2973 1680 3016 1572
1700 2983 1959 3027 apparens
1979 2972 2317 3028 cogitationes
2335 2972 2445 3030 ejus
2465 2973 2533 3015 ad

370 3043 563 3085 caelum
589 3042 754 3097 magis
773 3043 1045 3095 convertit,
1072 3054 1138 3086 ne
1163 3045 1347 3098 postea
1367 3043 1578 3097 quidem
1599 3046 1767 3086 artem
1787 3042 2085 3087 chemicam
2104 3042 2214 3086 sive
2235 3042 2533 3097 pyronomi-

370 3122 491 3155 cam
516 3113 626 3156 sive
650 3112 983 3168 spagyricam
1007 3113 1244 3168 neglexit,
1272 3114 1365 3156 sed
1389 3116 1440 3156 et
1460 3113 1772 3167 Uraniburgi
1791 3115 1843 3156 et
1860 3112 1912 3155 in
1932 3123 2055 3156 arce
2075 3112 2318 3155 Benatica
2341 3114 2533 3166 praeter

371 3182 730 3226 observatoria
751 3183 1108 3227 astronomica
1126 3183 1447 3227 laboratoria
1466 3182 1680 3226 instituit
1700 3193 2037 3237 »pyronomae
2052 3182 2177 3225 artis
2190 3181 2429 3225 secrefls«
2450 3181 2533 3224 de-

369 3251 575 3304 stinata,
600 3262 719 3306 quae
742 3252 1000 3297 »AEtheris
1020 3252 1244 3296 astriferi
1262 3252 1458 3297 viribus
1477 3252 1771 3307 aequipara«
1794 3252 2005 3296 vocavit
2023 3252 2200 3309 (supra
2218 3263 2267 3306 p.
2288 3250 2530 3306 214,³⁶-³⁷).

371 3321 428 3363 In
446 3321 548 3364 hac
570 3325 746 3365 autem
767 3326 879 3366 arte
897 3323 1174 3366 tractanda
1188 3322 1403 3378 vestigia
1422 3325 1632 3366 secutus
1646 3325 1724 3365 est
1737 3321 1912 3377 magni
1924 3322 2058 3365 illius
2071 3320 2327 3365 Paracelsi
2339 3323 2391 3364 et
2403 3329 2533 3374 prae-
