2730 4264
404 322 506 374 298
1081 318 1359 370 VARIAE
1385 316 1880 373 SCRIPTURAE

473 471 515 511 p.
539 457 621 501 100
639 471 680 499 ν.
704 457 751 499 11
781 455 1073 499 Ioachimis
1093 456 1230 497 cod.:
1253 454 1577 496 correximus
1637 466 1678 495 v.
1702 453 1756 496 13
1783 454 1840 495 ut
1855 453 2174 510 scripsimus]
2195 454 2251 496 et
2267 454 2383 497 cod.
2440 467 2481 497 v.
2500 453 2558 497 22

404 515 636 558 editione
658 516 795 558 cod.:
818 526 952 557 corr.
974 513 1112 555 Friis.

473 587 514 627 p.
538 573 620 616 102
639 586 680 615 ν.
698 572 756 615 25
780 570 1039 614 [atisficat
1055 570 1193 613 cod.:
1216 569 1555 612 correximus.

473 645 515 684 p.
538 631 620 674 107
638 644 680 672 ν.
700 630 756 672 29
782 629 923 682 quod
943 628 1081 671 cod.:
1104 627 1443 670 correximus.

473 703 515 742 p.
538 688 619 731 108
638 702 679 730 ν.
699 687 756 730 24
779 685 1011 740 speciem
1033 685 1173 741 Friis]
1193 683 1447 738 liquidem
1471 685 1586 728 cod.
1649 698 1690 727 v.
1710 684 1767 728 39
1792 683 2045 727 iactatum
2068 686 2207 728 cod.:
2230 697 2364 728 corr.
2387 685 2524 728 Friis.

472 760 514 799 p.
538 746 619 788 112
638 759 679 788 v.
699 744 871 787 28-30
897 753 1252 797 percuperem
1278 775 1288 785 .
1307 775 1316 784 .
1336 775 1345 785 .
1369 741 1666 799 emiBurus]
1692 754 1787 797 pro
1814 743 1893 786 his
1919 743 2090 786 verbis
2115 743 2274 797 ipsius
2298 743 2559 796 Tychonis

403 817 563 848 manu
592 808 745 846 antea
773 803 846 845 sic
875 802 1126 855 scriptum
1155 801 1269 844 fuit:
1305 801 1518 853 venem,
1555 802 1613 843 ut
1634 802 1793 854 plura
1826 801 1893 843 de
1924 800 2080 853 meis,
2115 811 2219 854 quo
2248 801 2319 843 ad
2344 800 2557 844 Novam

404 862 628 906 Stellam
651 860 852 911 attinet,
879 869 984 902 non
1006 859 1348 912 adiungeres‚
1376 869 1536 912 quam
1558 859 1700 911 quod
1719 858 1956 901 breviter
1969 859 2257 910 indicares,
2285 869 2373 901 me
2396 858 2556 901 etiam

401 921 603 963 nullam
626 919 679 960 ei
697 917 917 961 adfuiBe
932 916 1240 970 paranaxin
1262 916 1684 970 deprehendisse,
1706 918 1763 959 et
1779 916 1845 959 ob
1864 916 1920 959 id
1935 918 2100 970 plane
2120 917 2430 968 aetheream,
2451 916 2560 959 imo

400 978 455 1020 in
479 977 725 1030 suprema
752 975 989 1018 omnium
1017 974 1203 1018 octava
1222 973 1430 1028 sphaera
1450 974 1780 1017 constitutam
1807 974 2076 1018 iudicasse.
2106 974 2239 1018 Haec
2267 973 2451 1017 saltem
2478 985 2561 1017 re-

401 1035 622 1078 ferendo
647 1045 748 1076 nec
775 1033 842 1076 ab
868 1033 979 1086 ipl'a
1003 1034 1225 1075 veritate
1251 1043 1353 1075 nec
1379 1044 1411 1075 a
1438 1043 1560 1076 meo
1586 1031 1837 1075 consensu
1865 1033 2138 1086 quidpiam
2161 1031 2329 1076 alieni
2345 1031 2557 1085 feceris,

401 1095 596 1137 caetera
617 1091 1026 1146 particulariora
1052 1091 1279 1144 ipsemet
1298 1090 1441 1148 (Deo
1468 1090 1708 1147 volente)
1731 1091 2059 1134 collimatius
2082 1101 2380 1145 proponam
2442 1104 2484 1133 v.
2503 1090 2560 1133 39

407 1150 748 1205 Trapezontii
766 1151 905 1193 cod.:
928 1161 1063 1193 corr.
1086 1149 1225 1192 Friis.

469 1223 512 1262 p.
536 1209 617 1251 113
636 1222 677 1251 ν.
697 1209 725 1251 6
756 1206 1147 1262 Trapezontina
1169 1208 1307 1250 cod.:
1325 1218 1459 1251 corr.
1476 1207 1600 1249 Friis
1649 1220 1690 1249 v.
1704 1206 1761 1249 25
1780 1206 2094 1250 Rottmanni
2112 1208 2251 1250 cod.:
2269 1218 2403 1250 corr.
2420 1207 2558 1250 Friis.

401 1326 436 1368 F
469 1281 512 1335 p.
535 1266 618 1309 114
636 1280 678 1320 p.
699 1266 726 1309 6
751 1265 892 1308 Boni
915 1267 1080 1320 suppl.
1102 1266 1241 1309 Friis.
1306 1279 1345 1308 v.
1365 1264 1422 1308 26
1447 1275 1554 1308 non
1575 1264 1674 1307 lint
1697 1265 1815 1309 add.
1837 1265 1962 1308 Friis
2022 1263 2235 1307 servare
2261 1266 2400 1308 cod.:
2423 1276 2558 1308 corr.

438 1337 539 1369 rus,

470 1397 512 1437 p.
535 1382 619 1425 120
637 1397 679 1425 ν.
699 1383 756 1426 39
784 1381 995 1436 unaque
1016 1393 1081 1425 ex
1101 1381 1263 1424 etiam
1286 1392 1420 1425 corr.
1443 1382 1559 1425 cod.

470 1455 512 1495 p.
536 1441 612 1483 121
637 1455 678 1483 ν.
702 1441 755 1483 14
781 1440 1020 1494 mihique
1040 1439 1359 1496 scripsimus]
1381 1449 1576 1493 meque
1596 1440 1712 1483 cod.

469 1514 512 1553 p.
535 1499 618 1542 122
637 1512 678 1541 ν.
697 1499 756 1542 40
770 1498 1071 1554 Jachobum
1095 1499 1235 1542 cod.:
1258 1509 1393 1541 corr.
1415 1498 1554 1542 Friis.

470 1572 511 1611 p.
535 1557 617 1600 123
636 1571 677 1599 ν.
697 1557 755 1600 30
779 1556 971 1600 aetheri
989 1557 1200 1612 Singul.:
1223 1567 1357 1600 corr.
1380 1556 1504 1599 Friis
1564 1569 1606 1598 v.
1625 1555 1677 1598 31
1711 1554 1985 1598 transmiBi
2003 1555 2212 1609 Singul.:
2235 1566 2369 1598 corr.
2391 1555 2530 1598 Friis.

469 1630 511 1669 p.
535 1615 618 1658 124
635 1629 677 1658 ν.
697 1615 813 1658 3-4
837 1614 1150 1658 Heinricum
1178 1615 1461 1658 Bracaeum
1491 1614 1699 1669 Singul.:
1722 1624 1857 1657 corr.
1879 1613 2004 1656 Friis
2081 1626 2123 1656 v.
2143 1612 2172 1656 5
2196 1612 2322 1656 illac
2349 1613 2559 1667 Singul.:

401 1686 535 1718 corr.
559 1674 698 1716 Friis.

470 1747 512 1786 p.
530 1732 613 1775 127
632 1746 672 1774 ν.
691 1732 744 1774 15
769 1730 1011 1776 TYCHO
1025 1731 1279 1774 BRAHE
1293 1742 1397 1774 om.
1415 1732 1577 1774 Resen
1626 1744 1667 1772 v.
1685 1730 1738 1772 16
1761 1729 2116 1773 SALUTEM
2129 1729 2185 1772 P.
2198 1729 2263 1772 D.
2281 1741 2384 1773 om.
2401 1730 2563 1772 Resen

399 1805 441 1834 v.
464 1791 517 1833 17
545 1791 648 1847 vel]
678 1792 735 1833 ut
757 1791 920 1834 Resen
980 1803 1021 1833 v.
1044 1790 1098 1833 18
1125 1789 1250 1833 olim
1273 1789 1452 1845 Resen]
1479 1789 1586 1831 huc
1608 1788 1835 1832 Nicolsb.
1901 1788 2004 1844 vel]
2032 1789 2088 1831 ut
2105 1789 2267 1831 Resen
2326 1801 2368 1830 v.
2387 1787 2444 1830 26
2469 1787 2563 1830 ad-

400 1849 564 1892 debat
586 1850 748 1892 Resen
811 1847 1136 1901 tranBcripta
1163 1849 1326 1891 Resen
1386 1861 1427 1890 v.
1447 1847 1504 1890 28
1533 1847 1654 1903 tuis]
1681 1845 1803 1901 eJus
1831 1847 1994 1890 Resen
2053 1860 2094 1888 v.
2114 1846 2171 1889 30
2198 1844 2423 1888 vestrum
2444 1856 2563 1899 gra-

402 1907 546 2008 tia3tgi]
567 1906 792 2008 gratgam
816 1905 1039 1949 vestram
1063 1907 1173 1949 Nic.
1254 1919 1295 1948 v.
1315 1905 1366 1948 31
1397 1904 1750 1959 explicationi
1769 1905 1878 1948 Nic.
1964 1918 2005 1947 v.
2025 1904 2083 1947 32
2107 1903 2234 1947 satis
2253 1903 2385 1946 fecIt
2402 1904 2563 1947 Resen

399 1979 441 2008 v.
547 1976 613 2008 ve
740 1967 917 2008 Resen.

469 2037 512 2077 p.
537 1966 678 2066 128111.
702 2024 719 2066 1
750 2023 979 2066 rimarer
998 2022 1319 2078 scripsimus]
1346 2021 1543 2064 rimare
1571 2021 1703 2065 Nic.:
1731 2031 1976 2064 remeare
1997 2021 2158 2064 Resen
2219 2020 2306 2077 ne]
2326 2019 2380 2062 in
2402 2018 2564 2063 Resen

400 2096 441 2125 v.
455 2082 571 2125 2—3
591 2081 1254 2137 obsoleveratscripsirnus]
1269 2079 1571 2123 absolverat
1583 2080 1714 2123 Nic.:
1732 2078 2241 2122 absoleveratResen
2289 2092 2330 2121 v.
2344 2077 2373 2120 4
2392 2076 2564 2120 abori-

399 2142 547 2183 retur
564 2141 673 2184 Nic.
737 2140 803 2182 ob
824 2140 941 2183 add.
964 2139 1088 2182 Friis
1137 2153 1179 2182 v.
1198 2138 1226 2181 5
1252 2137 1335 2195 ob]
1357 2138 1424 2181 ab
1447 2138 1556 2181 Nic.
1607 2152 1649 2180 v.
1669 2138 1696 2180 8
1725 2137 1967 2191 utrasque
1988 2149 2093 2180 om.
2117 2138 2279 2180 Resen
2330 2149 2372 2179 v.
2396 2135 2449 2178 13
2469 2146 2565 2178 ex-

400 2198 639 2242 cusarem
663 2199 772 2241 Nic.
796 2199 977 2241 Resen:
1001 2209 1136 2241 corr.
1158 2197 1283 2239 Friis
1334 2210 1375 2239 v.
1393 2196 1447 2239 18
1471 2195 1712 2239 indicavi
1731 2196 1841 2239 Nic.
1898 2209 1939 2238 v.
1958 2195 2011 2238 19
2039 2195 2142 2252 vel]
2167 2196 2224 2237 ut
2243 2196 2403 2238 Resen
2451 2207 2492 2237 v.
2507 2193 2564 2236 20

401 2257 512 2314 cur]
541 2256 631 2299 cui
658 2258 819 2300 Resen
926 2270 967 2298 v.
993 2255 1050 2298 32
1084 2254 1361 2298 absterruit
1385 2254 1525 2311 Friis]
1555 2253 1877 2297 abiteueruit
1904 2254 2037 2297 Nic.:
2069 2252 2377 2297 obstiterunt
2403 2253 2565 2295 Resen

400 2329 442 2358 v.
456 2315 513 2358 33
533 2315 653 2372 quo]
675 2315 816 2368 quod
836 2316 998 2357 Resen
1059 2324 1292 2356 annuam
1315 2312 1462 2356 illam
1487 2312 1626 2369 Friis]
1647 2323 1845 2355 annum
1866 2312 1999 2354 illud
2020 2312 2152 2355 Nic.:
2174 2321 2412 2354 annuum
2431 2310 2566 2353 illud

402 2375 565 2416 Resen
636 2386 677 2415 v.
696 2373 754 2416 36
778 2373 919 2430 cum]
946 2383 1045 2415 cur
1067 2372 1176 2415 Nic.
1258 2385 1299 2414 v.
1319 2371 1376 2414 39
1401 2374 1522 2414 ante
1545 2370 1887 2413 reclamitent
1910 2370 2028 2414 add.
2056 2380 2114 2413 re
2142 2370 2253 2413 Nic.
2333 2383 2375 2412 v.
2394 2368 2452 2412 40
2477 2368 2564 2425 an]

401 2443 523 2475 cum
547 2433 723 2474 Resen.
1782 2427 1790 2436 '

470 2503 513 2543 p.
536 2489 619 2532 129
638 2504 679 2532 ν.
700 2490 728 2532 7
754 2490 912 2532 erunt
935 2489 1044 2532 Nic.
1120 2487 1374 2542 proprius
1401 2488 1510 2531 Nic.
1587 2501 1628 2529 v.
1648 2487 1676 2530 9
1702 2486 1934 2543 quando]
1960 2497 2118 2540 quem
2150 2486 2312 2530 Resen
2383 2485 2467 2541 ea]
2493 2495 2566 2527 ex

402 2549 563 2591 Resen
623 2561 664 2590 v.
687 2548 742 2590 10
767 2548 946 2604 quam]
967 2557 1129 2601 qvum
1151 2547 1315 2589 Resen
1373 2559 1415 2588 v.
1439 2545 1493 2588 14
1521 2546 1625 2602 vel]
1648 2545 1904 2588 videlicet
1921 2546 2083 2588 Resen
2136 2558 2178 2587 v.
2198 2543 2255 2587 25
2281 2553 2402 2597 quae
2422 2542 2547 2586 Friis

402 2607 493 2660 qui
513 2607 622 2649 Nic.
645 2607 808 2649 Resen
856 2620 897 2648 v.
918 2605 974 2648 26
993 2604 1047 2647 in
1070 2605 1188 2648 add.
1210 2605 1334 2648 Friis
1383 2618 1425 2647 v.
1444 2603 1502 2647 30
1523 2614 1684 2647 unam
1708 2604 1797 2646 vel
1816 2604 2038 2647 alteram
2062 2604 2224 2646 Resen
2272 2616 2313 2645 v.
2331 2601 2383 2645 31
2407 2601 2548 2644 alias

401 2664 526 2719 alijs
554 2665 663 2708 Nic.
726 2678 767 2707 v.
788 2664 844 2707 32
870 2674 936 2707 eo
957 2663 1049 2717 qui
1066 2663 1207 2720 Friis]
1234 2673 1300 2705 ea
1321 2673 1442 2716 quae
1464 2662 1573 2706 Nic.
1597 2664 1759 2705 Resen
1819 2675 1860 2704 v.
1880 2661 2055 2705 34—35
2079 2660 2430 2704 attribuerent
2452 2659 2563 2702 Nic.

401 2737 442 2765 v.
461 2723 519 2766 42
544 2722 1028 2776 concopulantibus
1048 2723 1225 2765 Resen.

470 2795 513 2835 p.
536 2781 619 2824 130
638 2795 680 2823 ν.
701 2781 728 2824 3
753 2780 1154 2823 includentibus
1182 2780 1291 2823 Nic.
1361 2793 1402 2822 v.
1421 2778 1449 2821 6
1475 2777 1740 2822 incidiunt
1764 2778 1874 2822 Nic.
1943 2791 1985 2821 v.
2005 2778 2033 2820 7
2057 2775 2291 2831 respectu
2319 2775 2459 2832 Friis]
2483 2785 2567 2818 re-

400 2838 609 2893 spectus
624 2840 734 2883 Nic.
753 2841 914 2883 Resen
963 2853 1004 2882 v.
1022 2838 1076 2881 14
1095 2839 1348 2881 accurata
1369 2837 1688 2894 scripsimus]
1709 2846 1984 2879 annuraca
2000 2836 2133 2879 Nic.:
2152 2834 2389 2878 annuata
2404 2835 2567 2877 Resen

401 2911 442 2941 v.
466 2898 519 2941 15
545 2908 642 2940 eos
662 2910 766 2941 om.
790 2899 953 2941 Resen
1012 2911 1053 2939 v.
1077 2897 1130 2940 17
1155 2895 1262 2953 sed]
1288 2895 1492 2939 scilicet
1516 2896 1627 2939 Nic.
1650 2907 1678 2939 e
1698 2906 1833 2939 corr.
1896 2908 1937 2937 v.
1957 2894 2015 2937 25
2039 2893 2095 2937 id
2121 2894 2240 2937 add.
2262 2892 2386 2936 Friis
2449 2905 2490 2935 v.
2509 2891 2561 2934 31

404 2956 474 3013 ut]
494 2968 563 2999 ne
584 2957 747 2999 Resen
807 2970 848 2999 v.
868 2955 925 2999 36
950 2954 1362 3009 compertiBime
1383 2955 1559 2998 Resen.

471 3028 513 3067 p.
537 3014 613 3058 131
638 3028 680 3057 v.
704 3015 722 3057 1
756 3013 910 3071 Quod
936 3014 1005 3070 et]
1033 3013 1246 3067 quodve
1274 3014 1435 3056 Resen
1507 3026 1548 3054 v.
1569 3012 1597 3055 8
1622 3010 1970 3054 deferendam
2000 3010 2110 3054 Nic.
2185 3023 2226 3052 v.
2250 3008 2304 3052 10
2329 3018 2394 3052 ac
2421 3007 2566 3064 dum]

401 3074 599 3115 nedum
629 3073 739 3116 Nic.
808 3086 849 3115 v.
874 3072 926 3115 12
951 3071 1278 3114 indicatione
1305 3071 1467 3114 Resen
1527 3069 1863 3124 generationi
1890 3069 1999 3112 Nic.
2069 3082 2110 3111 v.
2133 3067 2188 3110 14
2212 3066 2411 3123 autem]
2439 3075 2567 3108 vero

403 3132 565 3174 Resen
631 3145 671 3174 v.
691 3131 748 3173 22
774 3131 934 3187 hanc]
960 3129 1105 3173 [uam
1136 3131 1298 3173 Resen
1368 3128 1674 3172 insidicetis
1701 3128 1811 3171 Nic.
1881 3141 1921 3170 v.
1942 3126 1999 3170 26
2023 3124 2378 3170 admiratione
2404 3126 2567 3168 Resen

402 3202 442 3231 v.
463 3189 520 3232 30
544 3189 901 3232 restitutiones
922 3190 1085 3231 Resen
1144 3201 1185 3230 v.
1206 3187 1263 3230 35
1288 3187 1533 3253 aliorum]
1553 3185 1877 3240 reliquorum
1901 3185 2029 3237 Nic.,
2050 3185 2143 3228 sed
2163 3183 2390 3228 correxit
2449 3196 2490 3225 v.
2509 3181 2567 3225 38

403 3246 516 3290 -39
541 3246 805 3301 impervia
833 3259 898 3290 ex
923 3245 1151 3300 imparia
1178 3257 1312 3289 corr.
1344 3245 1477 3288 Nic.:
1505 3256 1560 3287 ιη
1581 3244 1790 3298 praevia
1818 3245 1980 3287 Resen
2095 3255 2136 3285 v.
2161 3241 2220 3285 40
2250 3239 2566 3296 hypothesin

403 3306 565 3348 Resen
625 3319 666 3348 v.
686 3305 743 3348 42
767 3304 998 3348 sufficiet
1015 3306 1192 3348 Resen.
