2730 4264
372 338 476 389 322
868 332 1546 386 ANNOTATIONES
1572 331 2031 384 EDITORUM

372 474 694 528 epigramma
706 473 774 515 ad
785 471 1047 525 Oligerum
1059 467 1518 512 Rosencrantzium
1531 479 1783 522 sponsum
1796 468 2062 524 (tom.VIII
2076 480 2125 522 p.
2139 468 2213 524 79)
2226 472 2276 511 et
2291 469 2358 511 ad
2367 469 2530 512 Taub-

371 555 624 586 mannum
643 544 855 596 poetam
875 538 1142 595 (tom.VIII
1157 550 1206 592 p.
1220 538 1339 594 365).
1362 537 1462 588 Qui
1480 549 1663 581 versus
1681 538 2007 592 reperiuntur
2025 537 2275 582 tom.VIII
2295 550 2343 592 p.
2358 538 2440 581 411
2465 539 2530 581 de

371 612 585 655 historia
612 614 1052 659 astronomorum,
1080 607 1320 650 videntur
1345 618 1459 650 esse
1486 607 1695 650 Martini
1720 607 1952 650 Braschii
1971 619 2003 650 a
2021 607 2269 661 Tychone
2292 608 2528 651 correcti.

372 682 606 735 Denique
624 684 751 723 tom.
773 679 818 721 X
839 690 887 732 p.
915 678 967 720 14
992 677 1283 720 afferuntur
1300 688 1499 728 versus,
1527 676 1615 731 qui
1640 676 2091 721 observationibus
2116 677 2238 720 anni
2266 677 2376 720 1568
2401 689 2531 732 prae-

373 751 515 793 missi
535 761 648 792 esse
669 750 923 792 dicuntur.

442 819 708 862 CARMEN
740 817 962 860 FRATRI
995 816 1315 860 GEMELLO
1347 816 1414 873 (p.
1446 816 1546 873 173)
1573 827 1667 870 per
1695 815 1975 860 Matthiam
1994 816 2284 861 Vinitorem
2313 816 2531 873 (Danice

373 890 524 932 Mads
538 887 817 943 Vingaard)
835 886 1223 941 typographum
1243 886 1295 929 in
1313 897 1419 930 uno
1440 886 1565 930 folio
1585 886 1988 930 describendum
2008 886 2211 930 curavit
2227 886 2422 940 Tycho.
2445 886 2532 929 Re-

370 959 564 1013 peritur
583 958 882 1011 exemplum
902 957 954 999 in
974 956 1126 1011 Regia
1146 956 1462 1000 bibliotheca
1483 955 1782 999 Hauniensi.

441 1027 709 1070 CARMEN
725 1027 794 1070 M.
809 1026 1106 1069 ANDREAE
1120 1025 1430 1068 WELLEIO
1449 1025 1515 1082 (p.
1536 1025 1636 1082 174)
1654 1025 1814 1080 ipsius
1826 1026 2089 1080 Tychonis
2105 1038 2266 1069 manu
2279 1025 2531 1080 scriptum

371 1097 622 1151 reperitur
640 1096 693 1138 in
712 1096 899 1139 eadem
920 1095 1235 1139 bibliotheca
1251 1096 1384 1138 inter
1400 1098 1648 1149 excerpta
1662 1095 2064 1150 Langebekiana
2083 1108 2159 1139 nr.
2179 1095 2276 1139 178.
2297 1096 2532 1139 Andreas

370 1166 616 1210 Welleius
643 1165 861 1223 (Danice
885 1166 1087 1208 Anders
1106 1165 1286 1222 Vedel)
1314 1164 1472 1208 edidit
1498 1177 1544 1208 a.
1573 1164 1683 1207 1575
1709 1165 2006 1208 versionem
2032 1165 2252 1209 Saxonis
2277 1164 2532 1209 Historiae

368 1235 608 1279 Danicae.
630 1236 883 1278 Videntur
902 1239 1079 1278 autem
1098 1238 1312 1290 propter
1330 1234 1531 1277 chartae
1551 1234 1825 1277 caritatem
1845 1238 1966 1278 ante
1985 1235 2266 1278 editionem
2286 1235 2532 1289 quaedam

371 1307 703 1349 difficultates
723 1306 926 1349 obortae
947 1316 1076 1356 esse,
1098 1316 1229 1359 quas
1247 1305 1300 1347 in
1321 1304 1554 1348 carmine
1572 1304 1752 1358 Tycho
1773 1304 2042 1359 significat.

440 1377 517 1419 De
555 1375 850 1418 CARMINE
887 1374 1420 1419 FUNDAMENTALI
1459 1374 1870 1418 URANIBURGI
1908 1374 2128 1417 LAPIDI
2167 1374 2532 1419 INSCULPTO

369 1447 435 1502 (p.
467 1446 566 1503 175)
594 1445 946 1496 conferantur,
980 1457 1099 1499 quae
1128 1444 1193 1487 de
1221 1445 1410 1488 eodem
1438 1444 1609 1498 lapide
1640 1456 1672 1486 a
1700 1444 1889 1488 Carolo
1919 1445 2169 1496 Danzaeo‚
2202 1445 2372 1500 legato
2401 1445 2533 1499 regis

371 1516 671 1567 Galliarum,
687 1515 857 1570 posito
867 1515 1025 1558 tradit
1033 1514 1214 1569 Tycho
1226 1512 1653 1557 inAstronomiae
1662 1513 1978 1558 instauratae
1987 1513 2533 1570 Mechanic1‘s(tom.V

370 1598 418 1640 p.
445 1586 558 1642 143).
587 1586 828 1629 Ceterum
848 1586 913 1628 de
933 1585 1016 1628 die
1036 1585 1287 1628 dissensio
1307 1587 1405 1635 est;
1433 1584 1533 1627 illic
1553 1583 1693 1626 enim
1713 1584 1971 1628 indicatur
1990 1584 2099 1628 dies
2118 1584 2187 1627 VI
2208 1584 2281 1628 Id.
2302 1583 2532 1639 Augusti,

370 1656 454 1698 hic
479 1655 718 1710 »Augusti
736 1656 825 1698 lux
843 1657 1016 1698 sexta«
1039 1654 1124 1710 (cf.
1147 1657 1378 1698 annotat.
1401 1654 1470 1697 ad
1487 1656 1615 1697 tom.
1632 1653 1678 1696 V
1696 1665 1745 1708 p.
1771 1653 1938 1711 143,2³).

441 1725 923 1768 INSCRIPTIONES
961 1725 1148 1767 CIRCA
1187 1723 1489 1767 EFFIGIEM
1527 1723 1864 1766 TYCHONIS
1902 1727 1953 1767 et
1990 1724 2176 1767 CIRCA
2212 1724 2402 1767 ARMA
2430 1723 2534 1765 TY-

371 1795 619 1839 CHONIS
638 1795 705 1851 (p.
731 1795 831 1852 175)
850 1795 1177 1849 reperiuntur
1194 1794 1247 1836 in
1266 1794 1436 1837 fronte
1457 1796 1508 1836 et
1526 1796 1671 1847 tergo
1691 1792 1948 1837 involucri
1969 1795 2257 1837 multorum
2281 1794 2534 1837 librorum

370 1865 646 1920 Tychonis,
662 1877 705 1909 e.
718 1878 763 1920 g.
776 1865 892 1907 libri
905 1865 1334 1908 observationum
1349 1875 1607 1907 annorum
1626 1863 1906 1906 1577-1581
1920 1863 2040 1920 (vid.
2052 1867 2180 1907 tom.
2193 1864 2238 1906 X
2247 1876 2297 1918 p.
2310 1863 2427 1905 XIII
2438 1862 2535 1918 sq.)

371 1939 422 1978 et
445 1935 699 1978 librorum
720 1935 1149 1979 observationum
1172 1934 1330 1977 nitide
1350 1934 1731 1988 descriptarum
1757 1933 1877 1990 (vid.
1898 1937 2026 1978 tom.
2048 1934 2093 1977 X
2112 1946 2161 1989 p.
2182 1933 2379 1990 XXIV),
2406 1944 2535 1987 prae·

370 2009 514 2048 terea
534 2006 898 2059 exemplorum
916 2005 1075 2048 nitide
1094 2004 1402 2048 vestitorum
1422 2004 1620 2058 aliquot
1638 2003 1891 2047 librorum
1910 2004 2048 2058 typis
2068 2004 2465 2058 descriptorum.

442 2075 843 2118 EPITAPHIUM
871 2074 1163 2118 IOHANNI
1188 2074 1495 2116 PRATENSI
1522 2077 1892 2117 consecratum
1916 2075 1983 2130 (p.
2010 2074 2092 2117 176
2110 2074 2207 2130 sq.)
2231 2085 2338 2117 non
2362 2074 2535 2117 solum

371 2145 423 2187 in
441 2145 600 2199 ipsius
612 2145 874 2199 Tychonis
892 2144 1239 2199 typographia
1257 2144 1396 2199 typis
1416 2143 1733 2198 descriptum
1754 2147 1846 2196 est,
1867 2144 1960 2187 sed
1973 2144 2132 2187 etiam
2144 2144 2277 2187 inter
2290 2143 2535 2198 epistulas

372 2215 528 2258 edere
553 2215 879 2269 propositum
905 2215 952 2257 ei
977 2218 1090 2258 erat
1112 2215 1233 2270 (vid.
1260 2217 1387 2258 tom.
1408 2213 1502 2257 VII
1527 2226 1577 2268 p.
1604 2213 1746 2270 32‚41).
1781 2214 1860 2256 De
1884 2214 2112 2257 Pratensi
2137 2214 2239 2257 vid.
2266 2217 2395 2257 tom.
2416 2213 2534 2256 VIII

443 2354 785 2397 IOHANNES
814 2354 1210 2397 FRANCISCUS
1240 2353 1521 2396 RIPENSIS
1547 2353 1615 2410 (p.
1647 2353 1762 2410 178),
1795 2356 1948 2397 natus
1981 2353 2107 2405 1532,
2137 2357 2376 2397 mortuus
2408 2352 2534 2405 1584,

372 2424 639 2478 professor
663 2423 759 2467 fuit
784 2424 1060 2468 medicinae
1081 2424 1148 2467 ab
1169 2435 1307 2467 anno
1331 2422 1437 2466 1561
1464 2426 1621 2477 atque
1641 2426 1826 2467 auctor
1847 2426 2104 2477 praeterea
2124 2424 2421 2466 carminum
2442 2423 2537 2466 La-

371 2494 616 2537 tinorum.

443 2564 712 2607 CARMEN
734 2564 977 2607 IACOBO
1000 2563 1338 2607 ULFELDIO
1357 2563 1578 2606 missum
1602 2563 1670 2619 (p.
1696 2563 1778 2606 179
1797 2564 1894 2620 sq.)
1917 2563 2051 2607 sicut
2073 2563 2178 2607 duo
2197 2562 2465 2617 sequentia
2484 2562 2536 2605 in

372 2634 531 2688 ipsius
550 2634 811 2688 Tychonis
835 2634 1183 2689 typographia
1207 2633 1346 2688 typis
1372 2633 1693 2687 descriptum
1718 2637 1810 2677 est.
1838 2633 2026 2676 Fuerat
2048 2633 2301 2677 Ulfeldius
2326 2636 2538 2676 senator

373 2705 514 2759 regni
540 2715 704 2758 usque
724 2705 792 2747 ad
813 2716 1010 2747 annum
1033 2703 1160 2756 1579,
1187 2703 1347 2747 edidit
1372 2715 1418 2747 a.
1444 2702 1555 2746 1585
1576 2703 1863 2747 Historiam
1884 2703 2068 2746 Daniae
2089 2703 2155 2747 ab
2177 2714 2315 2746 anno
2339 2703 2449 2746 1333
2469 2703 2536 2745 ad

374 2787 569 2817 annum
594 2774 720 2826 1559,
742 2778 981 2818 mortuus
1000 2777 1078 2818 est
1098 2786 1145 2817 a.
1165 2773 1291 2817 1593.
1313 2773 1468 2817 Falco
1484 2773 1633 2828 Goye
1645 2773 1788 2829 (Falk
1804 2773 1964 2830 Gjoe),
1985 2773 2095 2827 ipse
2114 2784 2322 2827 quoque
2336 2773 2537 2816 amicus

372 2844 648 2899 Tychonis,
670 2844 834 2889 homo
855 2845 1057 2896 doctus,
1080 2844 1147 2888 ab
1169 2855 1308 2887 anno
1333 2843 1442 2887 1587
1463 2843 1745 2898 praefectus
1763 2843 1860 2886 fuit
1877 2843 2062 2886 insulae
2082 2843 2380 2894 Bornholm,
2402 2853 2537 2886 mor-

373 2918 492 2957 tuus
518 2918 596 2957 est
621 2915 668 2957 d.
689 2914 716 2957 3
737 2927 806 2957 m.
824 2913 1058 2966 Januarii
1083 2926 1130 2958 a.
1158 2913 1282 2957 1594.
1311 2913 1489 2957 Ericus
1512 2914 1689 2968 Lange
1709 2913 1975 2968 Sophiam,
2001 2923 2241 2957 sororem
2259 2912 2535 2967 Tychonis,

374 2988 557 3038 postea
575 2985 628 3027 in
648 2985 1042 3028 matrimonium
1063 2983 1209 3027 duxit
1226 2983 1348 3040 (vid.
1369 2983 1504 3026 infra
1524 2995 1573 3038 p.
1594 2983 1712 3039 323).

447 3054 783 3098 NICOLAUS
803 3055 976 3098 KAAS
995 3054 1062 3110 (p.
1083 3053 1165 3097 180
1178 3054 1326 3110 sqq.),
1346 3058 1499 3096 natus
1517 3053 1643 3105 1534,
1659 3053 1726 3096 ab
1742 3064 1880 3097 anno
1899 3053 2009 3096 1573
2023 3052 2164 3107 regni
2179 3052 2536 3102 cancellarIus,

375 3128 613 3168 mortuus
633 3128 711 3168 est
734 3124 860 3167 1594.

446 3195 513 3238 ad
531 3207 580 3249 p.
607 3194 688 3237 185
692 3194 793 3251 ‚3-4]
813 3194 879 3238 cf.
897 3194 1095 3237 Manilii
1107 3193 1326 3236 Astron.
1343 3193 1429 3235 141
1447 3204 1542 3247 sq„
1563 3204 1746 3237 versus
1764 3192 2054 3248 saepissime
2068 3192 2360 3246 aTychone
2380 3191 2534 3234 allati.

446 3265 514 3307 ad
533 3277 581 3319 p.
608 3264 689 3307 185
693 3264 758 3321 2³¹]
779 3264 844 3307 cf.
868 3267 1099 3308 annotat.
1123 3264 1188 3307 ad
1209 3267 1338 3306 tom.
1353 3263 1471 3306 VIII
1492 3274 1541 3317 p.
1562 3263 1664 3315 414,
1668 3277 1716 3308 π.

448 3334 776 3377 HENRICUS
798 3334 1175 3377 RANZOVIUS
1195 3334 1262 3390 (p.
1283 3333 1363 3375 187
1377 3344 1488 3387 sqq.
1494 3334 1525 3385 ),
1541 3333 1768 3376 vicarius
1782 3332 1915 3387 regis
1928 3333 1979 3374 in
1995 3308 2232 3375 Holsatia
2246 3334 2297 3374 et
2311 3330 2538 3384 Slesviga
