2730 4264
406 330 508 382 280
1066 311 1359 376 'VARIAE
1385 322 1878 375 SCRIPTURAE

436 525 444 534 .
476 479 518 518 p.
537 440 627 508 273*
642 479 682 507 v.
702 464 730 506 5
755 464 813 506 57
830 461 1147 516 scripsimus]
1170 460 1228 502 47
1245 460 1361 502 cod.
1424 472 1465 501 v.
1485 459 1513 501 7
1541 459 1595 501 55
1614 458 1934 514 scripsimus]
1959 457 2016 500 45
2036 458 2151 501 cod.
2214 470 2255 499 v.
2275 457 2303 500 8
2328 457 2385 499 54
2404 458 2559 512 scrip-

406 522 808 636 Βιῗῗὲὲέῖῗὲεξᾏ
836 576 1152 632 scripsimus]
1181 575 1233 632 Ω
1260 575 1375 618 cod.
1450 588 1491 616 v.
1511 575 1539 617 8
1568 575 1587 616 1
1615 574 1669 616 13
1692 573 2012 630 scripsimus]
2042 574 2062 615 1
2084 572 2113 615 3
2131 574 2247 616 cod.
2327 586 2368 615 v.
2387 572 2561 616 22—23

406 640 435 682 0
453 640 510 681 42
528 637 845 692 scripsimus]
863 636 894 677 2
911 635 969 677 42
988 635 1103 677 cod.
1154 647 1195 675 v.
1215 633 1272 675 30
1296 632 1354 674 24
1372 633 1425 675 51
1448 632 1768 689 scripsimus]
1787 631 1845 674 24
1863 631 1920 674 54
1940 632 2055 674 cod.
2113 645 2154 673 v.
2174 630 2230 673 34
2254 631 2308 673 51
2329 631 2388 673 26
2406 631 2562 685 scrip-

336 742 339 743 .
407 697 585 752 simus]
605 697 658 738 51
680 695 737 737 36
756 695 871 737 cod.

478 768 519 807 p.
539 754 624 796 276
643 767 684 795 v.
704 754 731 794 7
757 750 1020 794 consiliari
1039 751 1177 793 cod.:
1201 748 1541 792 correximus.
2571 760 2573 762 ·

476 826 518 865 p.
538 812 623 854 279
643 825 683 852 ν.
704 811 730 852 9
757 809 897 851 FBE
918 808 1221 861 scripsimus
1245 807 1418 862 priore
1440 806 1576 863 loco]
1603 806 1755 848 XBE
1772 807 1907 857 cod.,
1933 816 2092 860 supra
2110 805 2305 859 scripto
2323 808 2502 849 tamen
2521 804 2569 846 F

408 885 447 912 v.
471 871 524 912 18
549 870 601 911 31
624 867 942 923 scripsimus]
962 865 1019 908 30
1039 867 1154 909 cod.
2287 875 2289 878 ·

477 942 518 980 p.
539 927 624 969 280
643 940 684 968 v.
707 926 760 968 16
784 925 924 967 Hinc
944 923 1262 980 scripsimus]
1285 923 1386 965 His
1405 924 1521 966 cod.

477 999 518 1038 p.
538 984 624 1028 283
643 997 683 1026 ν.
704 983 754 1026 21
785 982 934 1025 DBF
947 994 1012 1025 ex
1031 981 1177 1024 EBF
1191 993 1325 1025 corr.
1348 982 1464 1024 cod.

477 1057 518 1096 p.
538 1042 623 1085 286
643 1055 683 1084 ν.
703 1042 731 1084 9
755 1041 855 1083 DE
873 1053 938 1083 ex
959 1040 1058 1083 ΒΕ
1075 1051 1210 1083 corr.
1233 1041 1349 1083 cod.
1411 1053 1453 1082 v.
1476 1038 1530 1081 18
1555 1050 1640 1081 an.
1663 1047 1798 1081 com.
1821 1050 1886 1081 ex
1905 1039 2045 1092 long.
2068 1049 2203 1081 corr.
2226 1038 2341 1080 cod.

477 1115 518 1154 p.
539 1101 624 1143 287
644 1113 684 1142 ν.
704 1099 733 1142 4
762 1101 809 1155 d*
833 1110 865 1142 a
885 1099 913 1141 Ι
929 1098 951 1122 ·
967 1104 1027 1151 V
1044 1110 1110 1141 ex
1129 1099 1407 1151 coaequata
1428 1098 1569 1150 long.
1592 1108 1726 1140 corr.
1749 1098 1865 1140 cod.

477 1174 518 1212 p.
538 1158 624 1201 288
643 1170 683 1200 v.
708 1158 761 1200 15
778 1156 931 1200 EBF
944 1168 1009 1200 ex
1029 1156 1169 1199 EFB
1188 1167 1323 1200 corr.
1346 1157 1462 1199 cod.

649 1362 779 1421 AD
809 1359 1558 1421 COMMENTARIOS
1585 1356 2326 1427 GEOGRAPHICOS.

409 1452 496 1488 cod.
511 1464 554 1481 --
570 1451 706 1486 Codex
721 1460 844 1495 quern
859 1458 1028 1503 quoque
1037 1448 1131 1484 loco
1145 1448 1275 1484 secuti
1289 1458 1447 1502 sumus:
1498 1448 1640 1482 Haun.
1652 1446 1849 1501 =·Codex
1865 1445 2124 1518 Hauisiiensis
2139 1446 2229 1480 Ant.
2241 1444 2345 1481 coll.
2357 1445 2450 1489 Reg.
2468 1444 2567 1479 1831.

883 1495 1157 1587 Lonnggdt-ss.
1165 1493 2098 1586 (ἶῙ-ιξῖἶετιχςὲῐῖιέιξῒξῖιῗἋιξῖῗοῗὲὲῗέῗξεῇἱσε.

478 1638 520 1677 p.
535 1623 614 1667 301
640 1637 681 1666 ν.
695 1623 723 1666 3
747 1621 1038 1666 CHRISTI
1047 1621 1378 1665 om.Vind0b.
1434 1634 1476 1663 v.
1490 1620 1605 1664 3—-5
1624 1619 1768 1662 PER
1784 1653 1794 1663 .
1813 1653 1823 1663 .
1843 1653 1852 1663 .
1873 1617 2063 1663 CAPA
2073 1618 2226 1671 CEM
2235 1618 2566 1661 om.Vind0b.

410 1697 449 1725 v.
470 1683 497 1725 6
522 1681 788 1738 DANIAE]
815 1679 1047 1724 REGNI
1062 1679 1316 1725 DANIAE
1332 1679 1553 1723 Vindob.
1616 1692 1658 1721 v.
1682 1677 1851 1721 14-15
1876 1678 1995 1720 erat
2011 1677 2148 1720 bene
2168 1675 2441 1777 [ere-nun}
2456 1676 2573 1718 erat

410 1741 552 1784 enim
575 1740 677 1783 hoc
700 1739 908 1793 vesperi
926 1738 1064 1781 bene
1083 1738 1345 1790 serenum,
1367 1739 1423 1780 et
1438 1739 1537 1780 ae'r
1553 1736 1872 1790 tranquillus
1891 1736 2112 1779 Vindob.
2168 1749 2210 1778 v.
2230 1735 2281 1777 21
2310 1734 2361 1777 Α
2443 1744 2570 1776 urus

412 1832 421 1842 .
441 1832 451 1842 .
469 1832 479 1841 .
500 1798 874 1854 Altitudinem]
887 1795 1098 1840 Arcturi
1109 1796 1351 1839 Altitudo
1365 1795 1667 1839 Meridiana
1681 1795 1902 1838 Vindob.
1954 1807 1994 1836 v.
2009 1793 2066 1837 30
2085 1792 2308 1837 Lucidae
2331 1792 2570 1849 Coronae]

413 1857 637 1901 Coronae
655 1856 852 1900 lucidae
870 1856 1092 1899 Vindob.
1139 1855 1294 1901 bona
1316 1867 1419 1899 orn.
1435 1855 1657 1897 Vindob.

480 1930 521 1969 p.
542 1915 628 1958 302
647 1929 688 1957 v.
708 1915 736 1958 5
762 1914 917 1971 bona]
938 1914 1065 1956 huic
1084 1912 1193 1956 fide
1212 1914 1434 1957 Vindob.
1500 1926 1541 1955 v.
1561 1912 1589 1955 8
1614 1913 1732 1955 erat
1747 1911 1886 1954 bene
1904 1910 2167 1967 serenum]
2189 1909 2327 1952 bona
2347 1908 2569 1952 Vindob.

411 1989 451 2017 v.
465 1974 493 2017 9
512 1973 735 2017 altitudo
754 1972 1075 2029 Meridiana]
1089 1971 1391 2015 Meridiana
1412 1971 1732 2014 alt.Vindob.
1795 1970 1933 2012 bona
1955 1968 2291 2013 om.Vind0b.
2342 1981 2384 2010 v.
2401 1966 2566 2010 10-11

411 2032 633 2075 distante
654 2031 988 2075 om.Vind0b.
1040 2045 1081 2073 v.
1099 2030 1146 2073 11
1173 2029 1532 2084 Syluisburgo
1545 2029 1766 2072 Vindob.
1817 2041 1857 2070 v.
1875 2028 1928 2070 17
1949 2028 2019 2070 ad
2034 2059 2044 2070 .
2063 2059 2074 2071 .
2093 2058 2103 2069 .
2120 2025 2359 2082 distante]
2378 2026 2401 2072 ὲ
2414 2026 2571 2079 parte

412 2090 639 2133 miliaris
653 2090 724 2133 ad
738 2088 982 2133 occasum
1005 2088 1246 2131 distantis
1259 2089 1480 2131 Vindob.
1531 2101 1572 2130 v.
1590 2086 1752 2130 19-21
1778 2096 1885 2129 non
1902 2118 1912 2128 .
1930 2119 1940 2129 .
1959 2118 1970 2128 .
1987 2084 2299 2142 observatio]
2319 2094 2425 2127 non
2445 2082 2573 2126 [atis

412 2150 557 2192 certa
577 2149 798 2192 Vindob.
869 2161 910 2190 v.
930 2147 987 2190 23
1012 2151 1130 2202 post
1157 2146 1212 2189 73
1233 2146 1287 2189 18
1313 2147 1431 2190 add.
1459 2145 1750 2189 mediocris
1769 2145 1990 2188 Vindob.
2062 2157 2103 2186 v.
2122 2143 2180 2186 24
2205 2142 2428 2186 Lucidae
2448 2141 2573 2184 Vul-

414 2207 562 2263 turis]
584 2206 820 2249 Vulturis
834 2205 1056 2249 Lucidae
1075 2206 1295 2248 Vindob.
1353 2208 1471 2259 post
1489 2203 1548 2246 42
1565 2203 1641 2249 4OE
1665 2204 1783 2246 add.
1805 2202 1944 2246 bona
1964 2202 2184 2245 Vindob.
2247 2214 2289 2243 v.
2308 2200 2366 2244 26
2395 2207 2440 2251 Ε)
2467 2211 2570 2243 om.

412 2266 633 2309 Vindob.
696 2279 737 2307 v.
758 2265 814 2307 28
840 2264 1074 2317 diligens
1094 2263 1254 2307 etiam
1278 2261 1589 2319 observatio]
1610 2262 1900 2305 admodum
1923 2261 2062 2304 bona
2081 2260 2303 2302 Vindob.
2374 2272 2416 2301 v.
2435 2258 2488 2301 31
2517 2257 2571 2300 in

413 2322 553 2367 tedia
581 2323 742 2380 linea]
773 2321 960 2365 exadie
987 2323 1207 2365 Vindob.
1306 2320 1507 2377 versus]
1537 2321 1607 2363 ad
1631 2320 1853 2364 Vindob.
1945 2333 1987 2362 v.
2012 2318 2070 2362 32
2101 2317 2322 2374 remoto]
2352 2316 2573 2360 distante

414 2383 634 2426 Vindob.
697 2395 738 2424 v.
758 2381 815 2424 36
841 2381 979 2423 bona
1000 2380 1309 2437 admodum]
1332 2379 1622 2437 admodum
1644 2378 1783 2421 bona
1803 2378 2025 2421 Vindob.

483 2454 525 2493 p.
546 2440 632 2483 303
652 2454 692 2482 ν.
712 2439 741 2483 3
766 2443 884 2494 post
907 2438 966 2481 49
988 2439 1046 2481 45
1072 2439 1191 2482 add.
1219 2437 1510 2481 mediocris
1529 2438 1751 2481 Vindob.
1831 2450 1872 2479 v.
1892 2436 1921 2479 5
1945 2435 2004 2478 49
2027 2447 2092 2478 ex
2116 2434 2174 2477 48
2199 2445 2333 2478 corr.
2349 2432 2572 2476 Vindob.

414 2513 454 2541 v.
475 2499 590 2541 7—8
616 2510 720 2542 om.
736 2498 957 2541 Vindob.
1014 2511 1055 2539 v.
1079 2497 1132 2540 10
1157 2496 1380 2540 Lucidae
1400 2495 1655 2552 Vulturis]
1677 2493 1914 2538 Vulturis
1933 2493 2156 2538 Lucidae
2176 2492 2396 2536 Vindob.
2458 2494 2576 2545 post

413 2557 473 2599 42
490 2557 544 2599 31
567 2557 684 2600 add.
706 2556 998 2599 mediocris
1017 2556 1238 2599 Vindob.
1318 2568 1359 2598 v.
1382 2554 1553 2597 11—13
1578 2554 1876 2597 observatio
1897 2552 1996 2596 diei
2020 2553 2072 2595 13
2091 2553 2217 2606 Aug.
2240 2551 2409 2594 deleta
2427 2553 2506 2593 est
2524 2549 2576 2591 in

415 2616 654 2666 Vindob.,
683 2615 770 2669 qui
794 2627 1086 2668 numquam
1110 2614 1335 2669 praebuit
1358 2613 1522 2656 verba
1546 2611 1684 2655 facta
1710 2611 1784 2654 eli
1806 2611 1927 2655 haec
1948 2609 2244 2654 observatio
2304 2622 2345 2651 v.
2368 2608 2422 2651 14
2445 2607 2576 2651 AU-

419 2672 642 2723 GUSTI
657 2673 898 2729 Vindob.]
925 2684 1030 2716 om.
1053 2673 1224 2715 Haun.
1308 2686 1349 2714 v.
1373 2671 1426 2714 15
1451 2670 1508 2713 45
1532 2670 1605 2728 49]
1631 2670 1688 2713 45
1713 2670 1794 2715 491
1811 2670 2033 2713 Vindob.
2115 2682 2156 2711 v.
2179 2667 2350 2711 15—16
2374 2667 2515 2709 erat..
2534 2698 2544 2708 .
2563 2697 2573 2708 .

416 2732 571 2788 bona]
610 2732 899 2774 admodum
933 2731 1088 2783 bona,
1127 2732 1245 2774 erat
1272 2729 1415 2772 enim
1451 2729 1589 2772 bene
1619 2729 1862 2772 serenum
1898 2727 1947 2770 81
1979 2725 2320 2780 tranquillum
2352 2724 2573 2768 Vindob.

417 2804 456 2832 v.
479 2790 533 2832 17
553 2794 670 2844 post
692 2795 720 2841 (ζ
744 2791 861 2832 add.
885 2800 1006 2843 quae
1024 2788 1126 2832 fuit
1141 2789 1362 2833 Vindob.
1420 2801 1460 2830 v.
1478 2787 1532 2830 18
1551 2787 1622 2830 ad
1643 2786 1912 2843 vesperas]
1931 2784 2024 2828 l'ub
2043 2783 2342 2827 meridiano
2360 2780 2579 2836 Ripenli

416 2849 636 2892 Vindob.
687 2862 728 2892 v.
752 2848 805 2891 19
831 2847 1001 2891 Lunae
1019 2847 1188 2904 limbi]
1207 2846 1361 2890 limbi
1380 2851 1408 2897 c(
1424 2855 1455 2874 ἒ
1473 2846 1694 2889 Vindob.
1757 2844 1957 2901 quinta]
1978 2844 2165 2898 quarta
2185 2842 2406 2885 Vindob.
2458 2853 2499 2883 v.
2520 2839 2578 2882 20

417 2906 682 2963 defecisse]
704 2906 938 2949 deficere
958 2906 1180 2950 Vindob.
1247 2919 1289 2948 v.
1309 2905 1360 2948 21
1384 2905 1446 2962 ἡ]
1465 2906 1489 2951 ἑ
1507 2904 1728 2947 Vindob.
1791 2917 1832 2946 v.
1852 2902 2026 2946 22-23
2049 2900 2317 2944 Altitudo.
2337 2932 2346 2943 .
2365 2931 2376 2942 .
2388 2897 2577 2954 potuit]

422 2965 553 3008 Cum
585 2965 790 3008 Lucida
819 2964 1056 3007 Vulturis
1082 2966 1230 3031 (quae
1261 2965 1384 3006 tunc
1408 2962 1644 3017 primum
1668 2963 1894 3016 propter
1913 2959 2282 3014 crepusculum
2311 2956 2580 3001 observari

414 3023 611 3080 potuit)
634 3023 861 3066 haberet
883 3023 1219 3066 altitudmem
1246 3022 1467 3065 Vindob.
1559 3034 1600 3063 v.
1620 3020 1678 3063 23
1706 3019 1929 3062 minima
1946 3052 1956 3063 .
1976 3051 1986 3061 .
2005 3051 2015 3061 .
2034 3016 2328 3073 videbatur]
2355 3014 2577 3058 minima

417 3081 600 3124 saltem
628 3081 970 3135 portiuncula
999 3080 1215 3135 eclipsin
1239 3080 1358 3134 pati
1386 3078 1495 3122 visa
1525 3078 1599 3122 est
1625 3078 1846 3122 Vindob.
1920 3091 1961 3121 v.
1987 3076 2045 3120 24
2076 3075 2298 3119 Lucidae
2325 3072 2579 3173 Vultur-ist]

426 3139 663 3183 Vultun's
683 3139 907 3183 Lucidae
925 3140 1146 3183 Vindob.
1238 3140 1422 3181 lumen
1448 3143 1476 3189 ε(
1503 3137 1685 3194 totum]
1711 3142 1739 3188 (ζ
1767 3137 1928 3180 totum
1950 3136 2134 3178 lumen
2155 3133 2374 3177 Vindob.
2461 3144 2501 3174 v.
2521 3130 2549 3174 2

418 3198 648 3255 lucebat]
667 3197 983 3251 splendebat
998 3198 1219 3241 Vindob.
1270 3210 1311 3240 v.
1325 3196 1383 3239 27
1404 3195 1615 3252 Statim]
1635 3195 1695 3237 In
1715 3194 1826 3249 ipso
1846 3195 2118 3237 momento
2137 3192 2358 3236 Vindob.
2409 3203 2450 3232 v.
2463 3189 2578 3232 28-

420 3270 462 3309 p.
482 3256 569 3299 304
588 3270 628 3298 ν.
649 3256 700 3298 21
731 3268 836 3300 om.
860 3257 1029 3299 Haun.
1092 3269 1133 3299 v.
1154 3255 1211 3298 39
1237 3255 1631 3298 annotationem
1651 3265 1756 3297 om.
1771 3253 1993 3296 Vindob.

490 3328 532 3367 p.
552 3313 638 3357 308
657 3327 698 3356 ν.
718 3314 776 3356 20
799 3314 858 3356 25
877 3313 1196 3370 scripsimus]
1215 3313 1245 3355 2
1263 3313 1380 3357 cod.
