2730 4264
363 320 465 371 324
861 317 1538 370 ANNOTATIONES
1564 317 2023 370 EDITORUM

363 457 573 511 Sophiae
593 456 661 499 ad
679 456 983 510 Tychonem
1003 455 1127 497 data
1147 454 1195 496 d.
1217 453 1273 495 24
1292 466 1362 496 m.
1384 453 1627 496 Octobris
1647 466 1693 497 a.
1714 453 1824 496 1599
1842 454 1987 510 (tom.
2009 454 2126 496 XIV
2144 467 2192 509 p.
2219 456 2299 498 157
2319 458 2451 513 sqq.)
2469 462 2520 501 et

364 529 528 570 altera
537 526 796 580 Tychonis
809 526 875 567 ad
887 524 1139 578 Sophiam
1150 524 1273 566 data
1285 523 1332 565 d.
1349 523 1478 569 11l21
1494 535 1563 566 m.
1578 524 1751 566 Martii
1764 536 1809 567 a.
1827 524 1939 567 1600
1947 524 2093 580 (tom.
2106 525 2222 568 XIV
2231 538 2280 580 p.
2298 526 2379 569 178
2389 529 2520 585 sqq.)

362 608 605 640 sermone
625 596 826 638 Danico
847 593 1174 647 conscriptae,
1203 595 1358 646 atque
1381 593 1570 636 eodem
1588 605 1831 637 sermone
1851 595 2045 648 scripta
2065 598 2177 638 erat
2196 596 2414 650 epistula
2434 598 2521 641 So-

363 666 500 721 phiae
526 677 631 708 non
651 666 763 719 jam
789 667 1013 715 exstans,
1042 675 1202 717 quam
1227 662 1359 705 inter
1377 666 1579 706 ceteras
1600 663 1846 718 epistulas
1866 664 2020 707 edere
2039 665 2273 718 Tychoni
2290 668 2520 720 proposi-

361 739 474 778 tum
488 735 595 785 fuit,
611 738 668 776 ut
680 737 822 787 patet
833 744 861 776 e
873 732 1055 776 codice
1063 732 1454 776 vindobonensi
1467 734 1553 776 lat.
1568 733 1708 776 10686
1714 736 1746 785 ⁷,
1761 733 1850 776 ubi
1863 737 1982 788 post
1994 734 2269 788 epistulam
2283 736 2520 780 Stenonis

363 805 502 847 Bilde
528 805 575 847 d.
597 805 624 846 3
650 816 718 846 m.
743 803 868 857 Maji
893 815 938 845 a.
971 803 1080 845 1577
1107 803 1175 846 ad
1194 802 1500 856 Tychonem
1526 803 1707 846 datam
1732 803 1876 860 (tom.
1892 804 1986 846 V11
2011 816 2059 858 p.
2087 804 2162 862 45)
2185 805 2302 849 haec
2328 806 2520 849 inserta

362 877 480 917 sunt
503 874 626 930 (foll.
653 872 905 929 lla-13¹),
933 884 1068 927 quae,
1095 884 1220 916 cum
1239 873 1429 916 eodem
1446 875 1685 927 tempore
1706 885 1810 927 quo
1830 885 2046 917 carmen
2064 874 2257 929 scripta
2277 878 2328 918 et
2347 877 2414 919 ad
2434 877 2522 920 So-

361 944 499 998 phiae
518 943 747 986 indolem
768 943 1190 996 cognoscendam
1209 941 1354 985 utilia
1373 954 1487 986 esse
1506 943 1796 995 videantur,
1817 943 1901 987 hic
1923 944 2116 988 addere
2136 946 2326 999 placet:

432 1094 529 1136 Hic
550 1094 712 1147 potest
730 1094 881 1136 inseri
900 1094 1118 1148 Epistola
1138 1094 1348 1148 Sophiae
1368 1094 1570 1146 Brahei,
1591 1095 1796 1138 sororis
1816 1095 2027 1139 Domini
2045 1095 2321 1149 Tychonis.

391 1174 669 1237 OCCASIQ
695 1175 773 1217 ET
790 1175 1268 1218 ARGUMENTUM
1296 1176 1850 1227 SUBSEQUUTURAE
1878 1177 2215 1220 EPISTOLAE
2241 1177 2493 1220 DANICA

490 1245 749 1288 LINGUA
776 1245 1205 1296 CONSCRIPTAE,
1235 1246 1322 1288 UT
1347 1245 1681 1289 BENIGNUS
1708 1246 1956 1289 LECTOR
1982 1247 2396 1298 INTELLIGAT,

1077 1315 1264 1366 QUUR
1291 1315 1405 1358 HIC
1431 1315 1808 1358 INSERATUR.

483 1395 638 1439 UUM
653 1396 901 1440 Sororem
915 1396 1144 1439 habeam
1158 1396 1410 1450 Sophiam
1424 1397 1650 1449 nomine,
1667 1401 1787 1440 ante
1800 1398 2098 1440 sexennium
2110 1398 2320 1452 quidem
2332 1398 2522 1441 Marito

498 1454 666 1508 probo
681 1457 732 1497 et
744 1455 904 1497 nobili
918 1455 1204 1505 viduatam,
1228 1455 1346 1498 satis
1358 1458 1537 1498 tamen
1552 1455 1724 1498 adhuc
1740 1456 2095 1507 Iuvenoulam‚
2117 1459 2168 1499 et
2186 1457 2341 1499 unica
2360 1457 2521 1510 prole,

361 1514 651 1566 eademque
671 1513 917 1564 mascula,
939 1514 1268 1568 gaudentem,
1289 1513 1390 1565 illa,
1412 1525 1478 1556 ex
1491 1525 1595 1568 quo
1609 1514 1660 1556 in
1673 1513 1754 1556 his
1767 1514 2030 1557 viduitatis
2045 1515 2149 1558 suae
2164 1515 2326 1566 annis,
2348 1515 2523 1557 multis

359 1571 450 1626 (uti
469 1572 776 1625 plerumque
795 1572 872 1627 fit)
890 1572 1133 1627 molestiJs
1159 1574 1209 1615 et
1234 1571 1372 1615 curis
1399 1572 1712 1623 afficeretur,
1739 1572 2022 1615 laevamina
2047 1573 2309 1627 quaedam,
2338 1573 2523 1627 quibus

361 1630 611 1681 animum,
634 1633 887 1683 quantum
900 1630 1014 1673 fieri
1026 1630 1201 1684 posset,
1217 1630 1429 1673 subinde
1442 1630 1771 1682 refocillaret,
1788 1631 2039 1685 quaefivit:
2062 1631 2393 1685 Primumque
2407 1632 2524 1674 hor-

359 1691 473 1730 tum
485 1699 649 1742 prope
663 1688 806 1731 aedes
820 1688 1289 1732 Erichsholmenses
1301 1689 1452 1745 (quas
1465 1689 1517 1731 in
1531 1689 1720 1732 Scania
1734 1689 1946 1740 obtinet,
1967 1690 2115 1732 Arcis
2135 1689 2350 1732 munitae
2370 1689 2525 1732 instar

360 1746 736 1803 exaedificatas)
748 1747 1161 1800 pulcherrimum
1177 1748 1296 1790 sane
1309 1748 1471 1799 illum,
1493 1750 1543 1790 et
1562 1748 1647 1790 cui
1659 1747 1748 1790 vix
1761 1748 1949 1799 similis,
1965 1747 2017 1790 in
2029 1747 2109 1790 his
2123 1747 2524 1803 Aquilonaribus

361 1805 542 1847 mundi
570 1805 674 1848 oris
703 1805 880 1856 existit,
909 1817 1102 1860 magno
1131 1805 1410 1849 conamine
1439 1806 1736 1859 assiduoque
1765 1806 1961 1857 labore,
1991 1809 2047 1849 ut
2076 1810 2270 1849 caetera
2297 1809 2522 1857 taceam,

361 1863 701 1917 apprimeque
715 1863 991 1915 ordinarie,
1012 1867 1124 1907 tam
1139 1875 1243 1918 quo
1259 1865 1326 1907 ad
1339 1865 1603 1907 Arborum
1618 1865 1800 1907 diversi
1821 1865 2035 1919 generis,
2059 1877 2218 1919 quam
2239 1864 2524 1907 herbarum

360 1922 680 1965 hortensium
699 1922 1096 1976 dispositionem,
1123 1926 1174 1966 et
1199 1926 1395 1966 caetera
1415 1922 1573 1965 etiam
1598 1923 1854 1976 requisita,
1881 1923 1976 1966 rite
2002 1923 2408 1974 conformatum,
2435 1922 2525 1966 ubi

360 1981 464 2023 tale
490 1980 630 2034 prius
655 1980 780 2023 nihil
806 1984 933 2031 erat,
960 1981 1205 2024 instruxit.
1234 1981 1349 2032 Quo
1373 1982 1589 2023 tandem
1615 1980 1871 2032 confecsto,
1899 1994 2060 2035 quum
2086 1982 2311 2024 necdum
2336 1981 2526 2035 impor-

359 2038 649 2082 tunioribus
663 2039 801 2081 curis
815 2039 934 2082 satis
950 2040 1182 2083 relevata
1200 2039 1333 2091 esset,
1356 2039 1636 2093 Chymicas
1656 2050 1863 2093 quoque
1882 2039 2311 2093 praeparationes,
2333 2051 2436 2094 quo
2457 2040 2525 2082 ad

362 2097 626 2152 Spagirioa
652 2098 900 2151 quaedam
929 2098 1316 2141 medicamenta
1341 2100 1732 2148 concernerent,
1764 2097 2043 2149 affectavit,
2073 2098 2125 2140 in
2154 2097 2339 2152 quibus
2365 2097 2525 2141 etiam

362 2156 504 2198 haud
523 2155 795 2198 infeliciter
811 2156 1015 2198 versata
1035 2156 1124 2199 est:
1152 2156 1260 2199 imo
1285 2156 1500 2199 tandem
1525 2168 1632 2199 non
1657 2156 1823 2199 solum
1846 2156 2028 2199 amicis
2054 2159 2105 2199 et
2130 2156 2415 2208 ditioribus,
2443 2168 2522 2207 ea,

362 2214 450 2256 ubi
477 2225 609 2268 opus
634 2217 762 2264 erat,
791 2215 1043 2257 benevole
1068 2215 1383 2268 impertiens,
1412 2215 1496 2257 sed
1523 2217 1574 2257 et
1598 2215 1913 2269 pauperibus
1936 2214 2093 2269 gratis
2118 2214 2353 2269 largiens,
2381 2215 2526 2257 utris-

363 2284 463 2326 que
482 2283 588 2315 non
606 2284 795 2326 parum
817 2274 882 2315 fic
903 2273 1110 2326 profuit.
1131 2273 1380 2324 Tandem,
1408 2285 1571 2327 quum
1590 2284 1655 2315 ne
1674 2273 1776 2315 hac
1798 2273 2009 2326 quidem
2028 2273 2230 2316 ratione
2253 2273 2428 2324 animi,
2457 2273 2525 2315 ad

362 2332 513 2384 plura
538 2334 590 2373 et
615 2331 800 2373 altiora
826 2331 1028 2385 semper
1051 2331 1323 2383 tendentis,
1351 2331 1601 2374 desideria
1627 2331 1935 2385 explevisset,
1965 2331 2293 2386 Astrologicis
2319 2342 2526 2385 quoque

362 2388 782 2432 Praedic’tionibus
805 2400 871 2432 ex
891 2389 1239 2433 Genethliacis
1259 2390 1387 2432 Coeli
1411 2389 1856 2433 constitutionibus
1880 2389 2195 2433 instituendis
2222 2390 2396 2432 sedulo
2422 2389 2526 2432 ani-

362 2460 510 2490 mum
531 2447 826 2501 applicavit,
849 2448 951 2491 five
969 2448 1152 2503 ingenij
1176 2448 1465 2491 acrimonia
1483 2451 1534 2491 et
1552 2448 1694 2502 Genij
1717 2448 1991 2502 quusdam
2013 2448 2080 2490 ad
2101 2449 2304 2503 majora
2325 2449 2526 2501 semper

362 2505 639 2560 instigantis
668 2506 902 2559 impulsu,
934 2507 1036 2549 five
1065 2507 1205 2560 quod
1233 2506 1318 2550 hic
1349 2507 1497 2550 sexus
1527 2506 1614 2549 sua
1645 2507 1822 2560 sponte
1849 2507 1916 2549 ad
1941 2506 2238 2549 futurorum
2267 2506 2525 2549 curiosam

363 2564 727 2618 cognitionem,
755 2564 890 2607 forte
913 2564 1071 2607 etiam
1092 2576 1198 2608 non
1218 2565 1416 2619 absque
1437 2564 1646 2619 aliquali
1667 2564 2029 2619 superstitione,
2056 2564 2302 2619 proclivis
2322 2565 2393 2607 sit.
2421 2565 2524 2619 Ego

363 2623 590 2676 quidem,
611 2622 731 2666 licet
749 2623 801 2665 in
819 2623 1093 2677 prioribus,
1114 2623 1473 2678 pyronomicis
1485 2626 1665 2666 tamen
1678 2623 1850 2677 potius
1865 2635 2025 2677 quam
2038 2623 2363 2667 hortensibus
2376 2623 2525 2678 (quas

364 2682 482 2724 satis
500 2692 595 2735 per
614 2681 663 2724 se
683 2682 878 2737 calluit)
896 2682 1068 2734 rebuS,
1095 2682 1482 2736 praescriptione
1502 2684 1553 2725 et
1570 2682 1895 2733 institutione,
1923 2693 2019 2736 pro
2038 2684 2095 2724 ut
2114 2681 2435 2732 desideravit,
2455 2680 2526 2723 illi

362 2752 468 2783 non
488 2739 772 2791 defuissem3
796 2742 1029 2783 attamen
1048 2743 1104 2783 ut
1125 2741 1190 2784 ab
1206 2740 1532 2795 Astrologicis
1552 2740 1988 2795 speculationibus
2007 2739 2277 2791 desisteret,
2298 2751 2395 2782 nec
2414 2742 2525 2782 tam

364 2798 590 2841 abstrusa
616 2798 1027 2852 difficilioraque,
1056 2811 1216 2853 quam
1242 2811 1362 2853 quae
1382 2798 1609 2842 femineo
1630 2799 1775 2842 subdi
1793 2798 1974 2853 possint
1993 2798 2211 2853 ingenio,
2240 2797 2523 2848 affectaret,

363 2857 491 2900 serio
518 2857 758 2900 hortator
783 2856 869 2899 fui.
904 2858 975 2900 Ea
1000 2857 1350 2909 nihilominus,
1376 2860 1434 2899 ut
1458 2857 1528 2900 est
1554 2857 1730 2900 animo
1756 2855 1962 2907 invidio,
1991 2857 2228 2910 adeoque
2254 2856 2344 2899 fibi
2369 2856 2526 2899 confi-

363 2915 518 2967 denti,
539 2918 596 2958 ut
613 2927 679 2958 ne
699 2915 910 2969 quidem
929 2915 1052 2958 viris
1071 2916 1273 2971 ingenio
1294 2916 1482 2959 cedere
1495 2916 1633 2967 velit,
1655 2927 1718 2958 eo
1740 2916 1911 2958 acrius
1930 2915 2068 2958 hisce
2088 2915 2259 2969 studijs
2278 2914 2524 2965 incubuit,

363 2977 414 3017 et
433 2973 733 3028 Astrologiae
758 2974 1059 3028 primordia,
1086 2974 1279 3029 partim
1298 2986 1363 3017 ex
1384 2974 1580 3017 Latinis
1601 2973 1914 3025 auctoribus,
1944 2974 2032 3016 suo
2053 2974 2256 3027 sumptu
2275 2973 2328 3015 in
2346 2984 2526 3016 verna-

364 3033 539 3075 culam
565 3032 794 3087 linguam
820 3033 1096 3084 conversis,
1124 3033 1316 3086 partim
1337 3032 1662 3075 Germanicis
1687 3032 1789 3075 hac
1816 3033 1881 3075 de
1905 3043 1963 3074 re
1988 3031 2320 3086 scriptoribus
2344 3031 2525 3087 (quum

364 3091 515 3145 hujus
536 3090 805 3134 Idiomatis
823 3101 930 3134 non
948 3091 1128 3146 ignara
1147 3090 1223 3148 fit)
1247 3091 1393 3134 brevi
1417 3094 1672 3145 tempore,
1699 3091 1877 3145 suapte
1901 3090 2145 3133 industria
2164 3089 2344 3133 hausit.
2373 3089 2526 3140 Quod

365 3161 525 3202 quum
545 3160 651 3192 non
671 3149 901 3192 obscuris
920 3149 1120 3204 indiciJ’s
1140 3149 1632 3200 animadverterem,
1659 3160 1765 3192 non
1788 3149 1938 3200 adeo,
1965 3151 2022 3190 ut
2047 3151 2216 3199 antea,
2244 3147 2412 3198 restiti,
2440 3147 2526 3190 sed

366 3207 561 3258 saltem,
587 3210 645 3250 ut
669 3208 721 3250 in
743 3207 823 3250 his
843 3208 1116 3251 moderate
1135 3208 1549 3262 progrederetur,
1577 3208 1718 3251 suasi.
1747 3207 1932 3250 Indulsi
1954 3209 2130 3249 autem
2149 3206 2267 3249 haec
2287 3217 2351 3249 eo
2370 3205 2526 3248 liben-

364 3266 479 3316 tius,
508 3266 647 3319 quod
674 3266 858 3309 scirem
884 3266 1047 3320 ipsam
1073 3277 1179 3309 non
1205 3266 1471 3309 mediocre
1496 3266 1617 3309 hinc
1644 3277 2003 3309 aerumnarum
2027 3264 2326 3315 vidualium‚
2353 3267 2404 3306 et
2428 3263 2525 3306 has

366 3323 848 3376 concomitantium‚
869 3325 1111 3368 levamen
1131 3324 1329 3375 sentire,
1351 3324 1748 3379 cogitationibus
1764 3324 1831 3367 ad
1845 3323 1974 3366 alias
1988 3326 2039 3366 et
2052 3323 2260 3366 altiores
2276 3322 2525 3377 imagines
