2730 4264
813 317 935 370 AD
962 317 1294 371 TOMUM
1323 317 1786 371 SEPTIMUM
2300 319 2404 372 303

266 471 310 511 p.
329 456 412 500 231
438 470 479 500 ν.
500 456 558 501 25
582 455 872 501 invisibilia
894 470 1038 501 man.
1059 457 1105 515 2]
1128 456 1355 501 visibilia
1375 470 1518 502 man.
1546 458 1564 501 l
1630 471 1671 501 v.
1692 457 1751 502 36
1776 456 2101 516 referendis]
2122 457 2406 513 designan-

196 516 285 561 dis
305 529 447 560 man.
475 518 493 559 1
559 530 602 560 v.
622 516 799 561 38—43
826 518 1227 562 annotationem
1249 518 1370 561 add.
1392 518 1446 561 in
1465 529 1632 573 marg.
1655 530 1798 561 man.
1820 518 1863 562 3.

266 589 310 630 p.
329 575 417 619 232
436 589 479 619 v.
499 575 528 619 2
547 586 673 619 cum
698 576 899 634 tamen]
920 587 996 619 ex
1014 586 1121 630 quo
1141 589 1284 621 man.
1306 577 1324 620 l
1373 590 1415 621 v.
1435 576 1464 621 3
1483 576 1702 636 absque]
1722 576 1834 620 sine
1855 590 1997 622 man.
2020 579 2037 621 1
2087 592 2128 621 v.
2149 577 2268 622 4-7
2286 577 2406 622 sub-

194 634 495 679 ministrare
512 669 522 679 .
542 669 552 679 .
571 667 582 678 .
599 635 668 678 de
691 636 811 679 add.
833 636 886 679 in
907 648 1073 691 marg.
1097 649 1240 680 man.
1262 637 1290 680 3
1352 650 1394 680 v.
1414 636 1444 680 4
1467 636 1865 681 subministrare
1886 649 1952 682 ex
1972 637 2238 681 exhibere
2264 650 2403 684 corr.

196 707 338 739 man.
360 694 405 752 3]
432 694 737 738 exhibeant
758 708 901 738 man.
929 696 946 738 l
977 695 1031 738 in
1056 699 1219 747 textu,
1248 697 1342 739 sed
1369 697 1468 740 del.
1535 710 1577 740 v.
1597 697 1625 740 9
1651 696 1871 741 Revera
1899 709 2006 741 om.
2029 710 2172 742 man.
2199 698 2217 741 l
2284 712 2326 742 ν.
2351 699 2399 742 11

193 754 415 812 scilicet]
435 753 679 808 expanso
699 767 842 798 man.
871 755 888 797 1
955 754 1080 797 eius
1100 754 1302 813 aliqua]
1323 755 1518 810 liquidi
1538 769 1681 800 man.
1708 757 1726 799 1
1792 756 2118 815 intelligere]
2137 757 2410 813 intelliget

196 814 375 858 man.1
421 813 652 857 v.12-15
670 813 1696 871 Nam...accipisadd.inmarg.man.3
1738 816 1849 859 v.18
1869 816 2400 874 enim]igiturman.1

189 871 517 928 potissimum
558 883 760 928 magna
781 884 855 916 ex
870 874 1029 928 parte
1051 886 1194 918 man.
1222 875 1240 917 1
1296 888 1337 917 ν.
1357 874 1416 918 30
1441 879 1562 930 post
1581 875 1857 919 Praeterea
1878 877 1999 920 add.
2023 876 2189 920 etiam
2210 890 2354 921 man.
2382 879 2399 921 1

194 947 236 976 v.
262 932 320 976 36
350 931 499 976 succi
519 943 610 976 1Ve
637 934 779 977 cod.:
809 933 1142 977 correximus
1222 947 1264 976 v.
1291 933 1349 977 37
1381 935 1580 988 quod..
1602 967 1612 978 .
1629 934 1761 979 eBet
1784 936 1904 979 add.
1933 936 1985 979 in
2011 949 2176 992 marg.
2205 950 2348 981 man.
2376 939 2403 981 3

193 1006 235 1036 v.
255 991 314 1036 38
339 991 622 1050 oportebit]
644 993 858 1047 oportet
873 1006 1016 1036 man.
1043 993 1061 1036 1
1129 1007 1171 1036 ν.
1191 993 1250 1037 40
1276 995 1396 1037 aut.
1415 1026 1425 1036 .
1444 1026 1454 1036 .
1472 993 1696 1038 officere
1718 995 1837 1038 add.
1860 995 1914 1038 in
1933 1008 2098 1052 marg.
2122 1009 2264 1041 man.
2286 998 2330 1041 3.

265 1065 308 1105 p.
329 1051 416 1096 233
436 1065 478 1094 v.
499 1051 528 1095 3
553 1051 699 1110 eBet]
726 1051 831 1096 erit
853 1065 996 1096 man.
1023 1053 1041 1095 l
1108 1066 1150 1096 v.
1170 1052 1199 1096 4
1224 1051 1465 1107 respectu
1482 1087 1492 1097 .
1512 1086 1522 1096 .
1541 1086 1551 1096 .
1572 1053 1762 1097 tribuis
1788 1056 1908 1099 add.
1937 1056 1990 1098 in
2016 1068 2182 1112 marg.
2211 1070 2353 1101 man.
2376 1058 2404 1101 3

194 1125 235 1155 v.
255 1111 284 1155 6
310 1111 454 1155 hanc
482 1123 587 1155 om.
613 1124 754 1156 man.
782 1112 799 1154 l
866 1125 909 1155 v.
929 1111 958 1155 8
984 1112 1147 1170 quod]
1174 1112 1301 1167 quia
1328 1125 1470 1157 man.
1498 1114 1515 1156 l
1588 1115 1646 1157 et
1669 1115 1769 1158 del.
1792 1118 1843 1158 et
1864 1116 2039 1159 denuo
2067 1117 2187 1160 add.
2211 1129 2353 1161 man.
2376 1117 2403 1161 3

193 1184 235 1214 v.
256 1170 284 1214 9
310 1174 432 1214 ante
457 1170 757 1226 speculatio
784 1172 905 1215 add.
931 1181 1061 1215 vero
1088 1184 1231 1215 man.
1253 1172 1297 1224 3,
1324 1174 1419 1216 sed
1446 1173 1545 1216 del.
1616 1177 1737 1228 post
1761 1172 2060 1228 speculatio
2087 1176 2207 1219 add.
2229 1175 2404 1219 ferme

193 1242 336 1274 man.
362 1231 380 1273 1
459 1244 501 1273 v.
525 1230 580 1274 13
603 1229 969 1289 subcoelestes]
995 1231 1245 1275 coeleltes
1272 1245 1415 1276 man.
1442 1233 1460 1275 1
1540 1246 1581 1276 v.
1606 1232 1778 1276 15—16
1808 1233 1909 1277 uti.
1929 1267 1939 1277 .
1958 1268 1967 1277 .
1985 1234 2187 1278 dicitur
2208 1236 2329 1279 add.
2351 1237 2405 1279 in

193 1302 359 1346 marg.
383 1302 525 1334 man.
548 1290 576 1334 3
639 1289 840 1335 dicitur
855 1303 922 1335 ex
941 1291 1186 1334 creditur
1206 1303 1343 1335 corr.
1367 1305 1510 1336 man.
1532 1293 1560 1336 3
1622 1307 1665 1336 v.
1689 1292 1743 1336 18
1769 1294 2106 1348 comparatio
2127 1296 2184 1338 et
2208 1296 2329 1340 add.
2352 1296 2405 1339 in

194 1362 359 1405 marg.
383 1362 525 1393 man.
548 1350 575 1394 3
643 1364 686 1394 v.
706 1350 766 1394 20
791 1351 876 1408 ac]
896 1352 954 1394 et
970 1364 1113 1395 man.
1140 1351 1159 1394 1
1232 1365 1275 1394 ν.
1295 1351 1354 1394 25
1382 1352 1546 1406 utque
1563 1385 1573 1396 .
1592 1385 1603 1395 .
1622 1386 1632 1396 .
1649 1350 1909 1411 aliquem]
1929 1353 2208 1408 Principio
2227 1365 2404 1409 aquas

194 1408 408 1452 AEtheri
417 1408 529 1452 live
544 1409 823 1454 AEthereae
836 1410 1050 1465 regioni
1061 1410 1417 1454 circumfluas
1431 1411 1538 1455 eBe
1552 1411 1755 1465 aBerIs,
1772 1422 1840 1456 eo
1854 1413 2000 1467 quod
2016 1413 2198 1468 utique
2213 1425 2401 1458 earum

192 1468 432 1523 aliquem
463 1468 613 1512 usum
641 1482 784 1514 man.
812 1471 830 1513 1
914 1484 956 1514 ν.
977 1469 1036 1514 29
1056 1469 1360 1528 praebeant]
1388 1469 1636 1515 efficiant
1657 1484 1801 1516 man.
1829 1473 1846 1515 l
1937 1487 1979 1516 v.
1999 1472 2058 1516 32
2083 1473 2400 1518 indecorum

192 1527 369 1596 ducis]
390 1527 610 1572 dubitas
631 1542 774 1573 man.
799 1530 817 1572 1
871 1543 914 1573 v.
934 1529 993 1574 34
1018 1531 1316 1588 nequeunt]
1336 1540 1445 1574 non
1461 1530 1678 1585 poBunt
1694 1543 1837 1575 man.
1858 1532 1876 1574 1
1931 1546 1973 1576 v.
1993 1531 2171 1576 36—37
2196 1535 2403 1578 aeterna

194 1621 204 1632 .
224 1620 234 1631 .
253 1620 264 1631 .
275 1587 568 1646 principia]
595 1588 675 1644 dij
698 1589 916 1644 duoque
936 1589 1212 1644 principia
1238 1603 1382 1634 man.
1410 1591 1428 1633 l
1524 1604 1565 1634 v.
1593 1590 1651 1635 38
1683 1590 1778 1645 qui
1802 1592 1860 1634 et
1885 1592 2081 1636 unicus
2107 1592 2184 1636 elt
2208 1594 2328 1637 add.
2350 1594 2404 1637 in

192 1659 358 1704 marg.
380 1660 524 1693 man.
546 1649 574 1692 3
642 1662 684 1692 v.
705 1648 764 1693 39
788 1647 1012 1693 semotis
1033 1649 1306 1707 omnibus]
1327 1648 1527 1704 absque
1551 1649 1679 1693 ullis
1700 1663 1843 1694 man.
1870 1652 1888 1694 1
1960 1666 2002 1695 ν.
2022 1651 2082 1696 40
2108 1652 2403 1711 Verissime]

191 1705 359 1750 Recte
379 1720 522 1752 man.
550 1708 568 1751 l
635 1722 676 1751 v.
697 1708 756 1751 42
781 1719 890 1752 non
907 1710 1100 1763 patere
1139 1708 1381 1763 conspici
1398 1719 1507 1752 non
1523 1709 1672 1764 ροβε
1694 1723 1836 1754 man.
1864 1712 1902 1755 1.

262 1780 306 1821 p.
326 1766 414 1811 234
434 1781 476 1811 v.
497 1767 525 1811 3
554 1767 641 1811 vis
666 1766 916 1812 facultati
940 1781 1007 1812 ex
1033 1769 1090 1811 di
1112 1767 1345 1812 ficultati
1369 1781 1507 1813 corr.
1530 1782 1673 1813 man.
1700 1771 1718 1812 1
1788 1783 1829 1813 v.
1851 1770 1879 1813 7
1903 1772 2098 1814 natura
2125 1783 2191 1814 ex
2216 1771 2403 1826 sponte

192 1837 330 1871 corr.
353 1839 496 1871 man.
524 1828 541 1870 1
609 1841 651 1870 ν.
675 1827 730 1871 15
757 1831 879 1872 ante
903 1838 1097 1871 vocum
1122 1829 1243 1872 add.
1265 1827 1588 1883 simplicium
1612 1842 1754 1873 man.
1782 1830 1820 1882 1,
1843 1831 1937 1873 sed
1958 1831 2057 1875 del.
2113 1845 2154 1874 v.
2174 1831 2233 1875 33
2261 1830 2402 1890 Quin

191 1887 249 1929 et
278 1885 485 1930 Coelum
516 1897 816 1941 numquam
847 1887 922 1931 ita
947 1898 1147 1942 purum
1179 1887 1268 1938 eit,
1301 1887 1430 1942 quin
1461 1887 1607 1932 circa
1637 1888 1990 1933 Horizontem
2023 1890 2261 1945 aliquem
2292 1890 2404 1935 illae

192 1955 351 2000 aquae
368 1979 378 1990 .
397 1979 407 1989 .
427 1978 437 1989 .
453 1945 651 2000 santur,
679 1957 803 2001 quae
829 1957 996 1991 non..
1015 1980 1026 1991 .
1056 1948 1178 1991 add.
1206 1948 1259 1991 in
1284 1960 1452 2003 marg.
1482 1961 1625 1993 man.
1651 1949 1678 1992 3
1704 1950 1817 2005 (sed
1843 1951 1933 1992 vix
1958 1951 2217 2008 leguntur)
2278 1964 2320 1994 v.
2346 1950 2404 1994 37

190 2009 311 2061 post
331 2005 531 2060 quibus
550 2007 672 2050 add.
694 2017 803 2050 non
824 2005 924 2049 nisi
942 2020 1085 2051 man.
1113 2007 1152 2060 1,
1174 2007 1269 2051 sed
1289 2008 1496 2051 delevit.

261 2078 305 2119 p.
325 2064 413 2109 235
432 2079 475 2108 v.
495 2065 524 2109 3
549 2065 716 2109 etiam
739 2078 846 2112 om.
869 2079 1012 2110 man.
1034 2067 1052 2109 1
1107 2080 1150 2110 v.
1171 2066 1199 2110 5
1225 2066 1449 2125 habere]
1469 2067 1721 2111 habitura
1742 2081 1886 2112 man.
1910 2070 1927 2111 1
1982 2082 2024 2112 v.
2045 2068 2073 2111 8
2099 2070 2403 2127 coenacula]

194 2124 546 2168 tabernacula
572 2138 716 2169 man.
744 2126 762 2169 1
829 2140 871 2169 v.
895 2126 944 2170 11
977 2130 1099 2170 ante
1120 2126 1398 2170 Praeterea
1426 2127 1547 2171 add.
1573 2125 1731 2185 Quod
1756 2129 1938 2171 autem
1967 2141 2111 2173 man.
2138 2130 2176 2182 1,
2204 2130 2299 2173 sed
2319 2131 2405 2173 de-

190 2184 315 2228 levit
393 2199 435 2228 v.
459 2184 515 2228 14
538 2184 1007 2244 inconsequenter]
1033 2185 1294 2230 incaBum
1325 2199 1468 2231 man.
1496 2188 1513 2229 1
1599 2201 1641 2230 v.
1665 2187 1719 2231 17
1739 2186 2164 2246 portiunculam]
2187 2190 2402 2243 partem

190 2256 333 2288 man.
360 2245 378 2287 1
457 2258 499 2288 ν.
524 2244 579 2288 18
604 2245 691 2303 ea]
717 2256 841 2289 eam
870 2259 1014 2290 man.
1042 2247 1059 2289 1
1139 2260 1181 2290 v.
1201 2245 1373 2290 20-21
1405 2245 1769 2305 consimiliter]
1797 2248 1992 2291 eodem
2021 2248 2185 2291 modo
2211 2262 2354 2292 man.
2381 2250 2399 2291 1

190 2317 232 2347 ν.
253 2302 430 2347 21-22
455 2315 581 2348 cum
600 2337 609 2347 .
630 2337 641 2348 .
660 2338 670 2349 .
687 2306 1008 2360 compleant
1031 2306 1152 2349 add.
1174 2306 1228 2349 in
1247 2319 1414 2362 marg.
1437 2319 1580 2350 man.
1603 2307 1631 2350 3
1703 2321 1744 2350 v.
1765 2306 1823 2350 22
1848 2307 2106 2366 Ideoque]
2132 2308 2235 2352 Hae
2256 2309 2401 2351 enim

190 2376 333 2408 man.
360 2364 378 2407 l
453 2363 646 2408 fulcris
662 2397 673 2409 .
692 2398 703 2410 .
722 2397 733 2408 .
749 2365 1151 2423 cohiberentur]
1178 2365 1569 2409 cohiberentur
1589 2366 1873 2421 repagulis
1899 2380 2041 2411 man.
2069 2368 2086 2410 1
2163 2381 2204 2410 v.
2225 2368 2284 2411 24
2309 2379 2404 2411 ne-

190 2422 414 2467 ceBario
439 2435 546 2468 om.
570 2437 712 2468 man.
740 2425 757 2468 1
854 2440 897 2469 v.
917 2425 1095 2469 31—-32
1127 2424 1420 2484 abundius]
1447 2425 1819 2470 abundantius
1848 2439 1990 2470 man.
2018 2428 2036 2470 1
2132 2441 2173 2470 v.
2195 2427 2252 2471 34
2283 2432 2404 2483 post

190 2481 555 2527 immateriale
577 2485 698 2528 add.
720 2484 828 2528 elie
848 2484 1007 2529 ltatui
1024 2498 1168 2530 man.
1195 2486 1234 2538 l,
1256 2485 1352 2529 sed
1371 2486 1579 2530 delevit.

261 2556 305 2596 p.
325 2542 412 2587 236
432 2557 475 2586 ν.
495 2543 523 2587 2
546 2543 653 2602 (uti
671 2544 815 2603 dixi)
834 2546 955 2589 add.
977 2545 1031 2588 in
1050 2557 1217 2600 marg.
1240 2558 1384 2590 man.
1406 2546 1433 2589 3
1499 2545 1768 2589 trahentia
1788 2545 2165 2603 nihilominus]
2189 2546 2402 2589 trahere

190 2602 248 2646 et
272 2603 454 2646 tamen
482 2615 625 2648 man.
653 2604 671 2647 1
746 2617 789 2648 v.
809 2604 838 2648 3
864 2604 999 2649 dura
1027 2604 1373 2663 compagine]
1401 2604 1662 2648 densitate
1689 2618 1832 2648 rnan.
1860 2606 1876 2648 1
1953 2619 1994 2648 v.
2020 2605 2073 2648 13
2099 2605 2266 2663 haud]
2292 2616 2401 2649 non

189 2673 331 2706 man.
358 2663 376 2705 1
451 2661 684 2721 testatur]
705 2663 879 2719 liquet
897 2677 1039 2709 man.
1067 2666 1084 2708 l
1151 2679 1193 2708 v.
1214 2664 1273 2708 20
1299 2663 1568 2708 defaecato
1588 2677 1654 2708 ex
1674 2663 1864 2708 sereno
1886 2676 2022 2709 corr.
2046 2678 2187 2708 man.
2215 2665 2233 2707 1
2306 2676 2402 2719 ap-

184 2722 412 2780 parens]
438 2721 770 2777 conspicitur
791 2737 934 2768 man.
962 2725 979 2767 1
1058 2738 1100 2768 v.
1127 2724 1179 2767 21
1218 2724 1441 2768 omnino
1461 2723 1758 2779 persuadet
1781 2725 1902 2769 add.
1931 2725 1984 2767 in
2010 2737 2175 2780 marg.
2203 2737 2346 2768 man.
2373 2725 2401 2768 3

190 2793 232 2824 v.
248 2781 307 2825 26
324 2780 680 2841 solummodo]
695 2782 884 2827 saltem
901 2797 1045 2829 man.
1067 2785 1085 2827 1
1158 2797 1200 2827 ν.
1214 2783 1392 2828 32-33
1411 2784 1529 2827 lmo
1545 2817 1555 2828 .
1575 2817 1585 2827 .
1604 2816 1614 2827 .
1634 2783 1812 2827 oculis
1826 2784 1947 2829 add.
1963 2784 2017 2826 in
2031 2796 2196 2839 marg.
2214 2796 2356 2827 man.
2379 2785 2396 2826 1

189 2853 231 2883 v.
256 2840 315 2884 36
345 2840 491 2896 saepe
519 2854 625 2887 om.
649 2855 792 2887 man.
820 2844 838 2886 1
941 2858 983 2887 ν.
1009 2843 1068 2887 38
1100 2847 1221 2899 post
1245 2842 1596 2898 scriptoribus
1622 2844 1743 2887 add.
1768 2842 2057 2886 Vitellione
2084 2844 2247 2897 atque
2273 2842 2402 2898 alijs

188 2912 331 2944 man.
358 2901 376 2944 1
443 2915 485 2944 ν.
505 2901 558 2945 41
588 2901 674 2946 De
694 2902 856 2947 Nova
877 2904 1082 2962 autem]
1103 2903 1272 2948 Porro
1292 2903 1361 2946 de
1381 2903 1542 2947 Nova
1563 2915 1705 2946 man.
1727 2904 1745 2946 1
1812 2902 1974 2946 cuius
1990 2936 2000 2947 .
2020 2936 2029 2946 .
2049 2935 2060 2946 .
2076 2901 2187 2946 feci
2206 2902 2325 2946 add.
2349 2903 2401 2946 in

189 2972 309 3004 mar
345 2993 355 3004 .
378 2973 522 3006 man.
543 2961 587 3005 3.
1775 2993 1778 2995 -

259 2972 411 3074 p.g237
430 3034 472 3064 v.
496 3021 611 3065 1-2
637 3020 882 3067 desidero
903 3036 1046 3067 man.
1074 3023 1092 3066 1
1147 3037 1189 3066 ν.
1210 3022 1238 3065 2
1264 3021 1581 3080 cognosces]
1596 3020 1900 3076 perspicies
1920 3034 2063 3065 man.
2084 3022 2102 3064 1
2158 3035 2199 3064 v.
2219 3021 2247 3065 8
2268 3021 2401 3075 plus

189 3089 352 3133 quam
377 3081 461 3124 ter
475 3080 706 3139 centies]
730 3082 813 3126 ter
828 3082 1044 3127 centies
1063 3083 1136 3127 ad
1155 3081 1443 3125 minimum
1466 3094 1609 3126 man.
1631 3082 1648 3124 1
1703 3095 1745 3125 ν.
1764 3081 1823 3124 20
1842 3081 2176 3138 nullatenus]
2196 3091 2402 3134 nequa-

189 3148 350 3193 quam
373 3153 517 3184 man.
544 3141 562 3184 1
629 3155 671 3184 v.
692 3141 750 3185 35
776 3140 954 3201 foves]
980 3142 1160 3186 habes
1186 3155 1330 3186 man.
1357 3142 1375 3185 1
1442 3155 1484 3184 ν.
1504 3140 1681 3184 41—42
1708 3139 2059 3195 Philosophia
2086 3152 2152 3184 ex
2178 3138 2399 3184 officina

189 3209 326 3243 corr.
348 3212 492 3244 man.
519 3200 558 3244 1.

258 3271 302 3312 p.
322 3258 410 3303 238
436 3273 478 3303 v.
498 3259 647 3304 7—10
687 3260 919 3305 Unicum
944 3294 953 3304 .
974 3295 984 3306 .
1004 3294 1014 3305 .
1034 3260 1257 3305 voluiBe
1284 3262 1405 3304 add.
1434 3261 1487 3304 in
1512 3272 1679 3316 marg.
1709 3272 1851 3303 man.
1873 3260 1901 3302 3
1992 3273 2034 3302 v.
2063 3258 2091 3302 9
2124 3258 2305 3302 omnis
2334 3270 2400 3302 ex

188 3317 396 3362 nullius
422 3330 560 3365 corr.
582 3332 727 3364 man.
748 3321 777 3365 3
840 3335 882 3365 v.
906 3321 961 3364 15
987 3322 1045 3365 et
1069 3320 1227 3365 edam
1255 3324 1443 3376 postea
1471 3321 1591 3364 add.
1615 3332 1757 3363 man.
1785 3320 1803 3362 1
1870 3333 1911 3362 ν.
1935 3317 1990 3362 16
2015 3322 2136 3373 post
2162 3318 2268 3361 elie
2289 3330 2401 3361 ver-

189 3376 317 3421 bum
339 3378 555 3433 aliquod
575 3380 809 3424 deletum
830 3384 910 3425 est
970 3395 1012 3424 v.
1037 3380 1092 3424 17
1120 3379 1216 3424 tibi
1233 3379 1496 3438 indicavi]
1516 3390 1549 3423 a
1573 3380 1623 3423 te
1638 3377 1956 3434 perscriptis
1975 3390 2118 3422 man.
2146 3378 2184 3421 1.
