2730 4264
833 322 955 374 AD
981 320 1314 374 TOMUM
1340 319 1697 372 PRIMUM
2276 320 2369 371 241

231 475 278 519 p.
297 463 386 507 230
404 477 446 506 v.
466 462 525 507 39
545 461 886 517 opprimatur
901 473 967 505 ex
987 460 1368 516 opprimantur
1385 471 1523 505 corr.
1546 460 1665 504 cod.

232 534 278 578 p.
297 522 379 567 231
403 536 446 565 ν.
466 521 525 566 24
543 520 735 565 inditia
747 521 883 565 cod.:
898 521 1230 564 correximus
1261 519 1370 564 v.33
1384 518 1719 563 cruciatibus
1730 530 1797 563 ex
1807 517 2088 562 doloribus
2100 529 2237 562 corr.
2249 519 2367 562 cod.

232 594 278 637 p.
297 581 385 626 232
405 595 446 624 ν.
471 581 525 624 12
544 580 758 625 nonibil
777 581 919 624 cod.:
943 581 1276 624 correximus
1325 594 1368 623 v.
1386 579 1440 623 19
1459 578 1694 635 inpriuis
1714 578 1856 623 cod.:
1880 577 2212 623 correximus
2256 591 2298 620 v.
2312 577 2371 620 22

162 640 402 686 efficatia
429 641 550 693 cod.
580 641 657 697 (ut
686 640 810 683 alibi
839 646 1090 697 quoque):
1122 639 1455 683 correximus
1535 652 1576 682 v.
1602 638 1661 683 33
1692 636 1985 694 va11'tudinj
2011 639 2130 682 cod.
2152 637 2228 695 (ut
2248 637 2372 681 alibi

163 701 412 758 quoque):
435 699 766 744 correximus
828 712 869 742 v.
890 698 949 742 38
971 699 1030 742 vt
1046 710 1114 742 ex
1134 697 1184 742 8(
1203 710 1340 742 corr.
1364 699 1482 743 cod.

232 771 278 815 p.
297 759 385 803 233
404 773 446 803 v.
467 759 525 803 23
545 758 822 802 defluente
837 770 904 801 ex
918 757 1112 801 defluit
1129 769 1266 802 corr.
1284 759 1403 802 cod.
1455 772 1497 801 v.
1512 757 1570 802 39
1590 756 1837 802 consiliat
1854 757 1996 801 cod.:
2020 757 2369 801 correximus.

232 831 278 874 p.
298 818 386 863 234
405 832 447 862 v.
467 819 496 862 3
524 817 781 862 attribuet
806 829 874 861 ex
902 816 1144 861 attribuit
1171 829 1310 862 corr.
1341 818 1460 862 cod.
1553 817 1750 861 reddet
1774 829 1841 862 ex
1869 816 2053 860 reddit
2080 828 2218 861 corr.
2251 817 2369 860 cod.

161 894 203 924 v.
224 879 252 922 5
273 878 505 922 reddere
520 877 725 933 poterit
742 889 808 921 ex
827 876 1009 919 reddit
1025 888 1163 921 corr.
1187 878 1306 921 cod.
1391 891 1433 920 v.
1458 876 1512 920 13
1538 876 1849 921 Martialem
1872 877 2014 922 cod.:
2038 876 2372 921 correximus

162 953 203 982 v.
227 938 283 982 15
311 937 578 993 dissiplina
607 937 750 980 cod.:
783 936 1115 980 correximus
1177 950 1219 980 v.
1246 936 1304 980 30
1333 936 1588 991 quodque
1617 948 1684 981 ex
1711 935 1951 991 facitque
1982 948 2119 981 corr.
2142 936 2261 980 cod.

161 997 224 1041 Iit
240 1001 427 1053 postea
447 997 687 1041 additum
708 999 801 1040 est.
1749 1054 1752 1057 v

232 1068 277 1111 p.
297 1056 385 1100 235
404 1070 447 1099 v.
467 1055 526 1099 27
544 1055 597 1099 is
616 1067 683 1100 ex
702 1055 758 1099 in
779 1067 917 1100 corr.
934 1057 1054 1100 cod.
1107 1069 1148 1098 v.
1163 1054 1221 1099 28
1243 1056 1469 1110 Vtroque
1489 1055 1543 1099 in
1564 1057 1791 1110 Vtraque
1812 1068 1949 1101 corr.
1966 1056 2085 1100 cod.
2103 1068 2247 1100 man.
2263 1067 2370 1100 sec.

162 1131 203 1160 v.
223 1116 282 1160 32
300 1115 562 1160 iudicium
586 1115 705 1160 cod.
727 1128 870 1159 man.
893 1127 998 1159 sec.
1063 1129 1103 1158 v.
1125 1114 1177 1158 41
1203 1114 1400 1159 reddat
1417 1127 1483 1159 ex
1502 1115 1699 1159 reddet
1715 1127 1852 1160 corr.
1875 1116 1994 1160 cod.
2016 1118 2075 1159 ut
2093 1116 2316 1159 videtur.

232 1187 278 1230 p.
298 1175 386 1220 238
405 1190 447 1219 v.
471 1174 527 1219 12
546 1174 910 1230 proficissetur
925 1176 1066 1219 cod.:
1091 1175 1438 1219 correximus.

233 1246 278 1290 p.
298 1234 386 1279 239
405 1249 447 1278 ν.
468 1235 496 1279 9
512 1236 560 1291 0‘
578 1233 612 1293 ζξ
626 1246 693 1279 ex
701 1235 758 1292 Δ
770 1236 807 1291 74
820 1246 958 1279 corr.
973 1235 1091 1279 cod.
1132 1248 1173 1277 v.
1186 1233 1243 1277 22
1257 1245 1626 1289 magnamque
1639 1246 1706 1278 ex
1716 1245 2089 1290 magnumque
2101 1246 2239 1279 corr.
2250 1235 2369 1279 cod.

232 1306 278 1349 p.
298 1294 386 1338 240
404 1308 447 1338 ν.
468 1294 496 1338 6
515 1294 706 1338 radius
717 1306 783 1338 ex
793 1293 966 1350 radijs
978 1305 1116 1339 corr.
1130 1295 1250 1338 cod.
1290 1307 1332 1338 v.
1348 1294 1403 1337 17
1418 1293 1693 1338 Martialia
1704 1293 2160 1352 suntscripsimus]
2172 1293 2372 1338 Martia

162 1354 285 1398 sunt
300 1353 558 1398 sunt‘cod.
580 1357 638 1398 ut
656 1354 880 1398 videtur.

232 1425 278 1468 p.
298 1413 386 1457 242
405 1427 447 1456 ν.
467 1413 526 1457 26
547 1417 670 1457 ante
690 1412 849 1469 breuj
866 1414 986 1457 add.
1011 1413 1060 1457 ἃ(
1079 1413 1217 1465 cod„
1239 1413 1333 1457 sed
1354 1413 1561 1457 delevit.

232 1484 278 1527 p.
298 1472 386 1517 243
405 1487 448 1516 v.
468 1472 527 1517 22
545 1476 667 1529 post
680 1472 955 1517 combusto
970 1473 1091 1516 add.
1108 1473 1442 1528 quapropter
1452 1474 1589 1525 cod„
1612 1474 1707 1517 sed
1721 1473 1915 1517 delevit
1963 1487 2006 1518 v.
2020 1473 2078 1517 29
2098 1472 2174 1516 est
2186 1477 2373 1529 postea

162 1533 378 1577 inseruit
392 1534 511 1577 cod.
555 1547 597 1576 v.
611 1532 670 1577 32
689 1531 889 1576 inuicto
903 1545 970 1576 ex
983 1531 1144 1576 iuidto
1158 1544 1296 1576 corr.
1314 1533 1433 1577 cod.
1476 1547 1518 1576 v.
1532 1532 1592 1576 35
1610 1531 1642 1575 I
1637 1532 1848 1576 uceBus
1863 1534 1981 1577 cod.
1996 1547 2006 1577 :
2023 1532 2371 1577 correximus.

233 1603 278 1647 p.
298 1591 388 1635 244
405 1606 448 1636 v.
472 1591 527 1636 15
541 1593 1138 1647 portendunturpostea
1147 1592 1367 1636 inseruit
1378 1593 1497 1637 cod.
1532 1591 1638 1635 v.41
1658 1591 1830 1636 statim
1844 1604 1912 1637 ex
1922 1592 2087 1636 etiam
2102 1604 2239 1637 corr.
2252 1594 2370 1637 cod.

233 1663 278 1706 p.
298 1651 386 1695 245
405 1666 447 1695 v.
471 1651 586 1695 1-2
611 1652 684 1695 ad
709 1651 1174 1695 minitrationibus
1201 1652 1343 1696 cod.:
1371 1652 1704 1696 correximus
1774 1665 1816 1694 v.
1840 1651 1895 1695 19
1921 1652 2162 1696 adducet
2185 1663 2252 1696 ex
2278 1652 2374 1696 ad-

163 1710 315 1755 ducit
332 1722 469 1755 corr.
493 1712 610 1756 cod.
676 1725 718 1755 v.
738 1711 797 1755 27
811 1710 1008 1766 prosus
1027 1712 1170 1756 cod.:
1193 1711 1541 1755 correximus.

233 1781 279 1826 p.
299 1770 388 1814 246
407 1784 449 1814 ν.
469 1770 498 1815 2
520 1770 880 1825 significatror
894 1771 1034 1815 cod.:
1058 1771 1390 1815 correximus
1451 1784 1494 1814 v.
1518 1771 1572 1814 17
1595 1770 1728 1814 eBet
1744 1783 1811 1815 ex
1830 1770 1893 1814 lit
1910 1782 2048 1815 corr.
2072 1772 2190 1817 cod.
2254 1785 2296 1815 v.
2316 1770 2375 1814 25

162 1829 416 1875 faecundo
436 1842 503 1875 ex
523 1830 734 1886 duplicj
744 1843 881 1875 corr.
899 1831 1017 1875 cod.
1070 1844 1111 1873 v.
1132 1830 1190 1874 28
1210 1834 1333 1886 post
1343 1829 1439 1873 l'ed
1458 1831 1685 1886 praebuit
1701 1830 1889 1885 potius
1910 1832 2046 1884 cod„
2068 1833 2162 1875 sed
2182 1831 2376 1875 delevit

162 1904 205 1934 v.
233 1889 292 1933 29
322 1889 546 1945 coniugi
575 1901 643 1934 ex
669 1890 926 1945 coniugio
958 1901 1096 1934 corr.
1128 1890 1247 1934 cod.
1366 1890 1631 1933 decernet
1655 1902 1723 1934 ex
1751 1890 2051 1934 decernere
2084 1902 2222 1935 corr.
2254 1892 2372 1935 cod.

161 1952 220 1994 ut
238 1950 462 1994 videtur.

233 2020 279 2064 p.
299 2008 387 2053 247
415 2023 457 2053 ν.
477 2008 537 2053 20
564 2008 824 2053 radiosue
854 2021 920 2052 ex
949 2007 1225 2053 radiorum
1258 2020 1395 2053 corr.
1428 2010 1546 2053 cod.
1577 2012 1635 2053 ut
1662 2010 1872 2053 videtur
1971 2010 2069 2053 aut
2093 2022 2160 2054 ex
2189 2010 2372 2054 autem

163 2080 300 2113 corr.
324 2070 442 2113 cod.
464 2072 523 2112 ut
540 2069 765 2113 videtur.

234 2139 280 2183 p.
299 2127 387 2172 248
406 2142 448 2172 ν.
468 2127 498 2171 4
517 2127 729 2183 dominj
746 2129 889 2172 cod.:
913 2129 1246 2173 correximus
1296 2142 1338 2171 v.
1359 2128 1417 2172 23
1438 2128 1507 2172 de
1522 2140 1589 2173 ex
1603 2128 1672 2173 ab
1694 2140 1832 2173 corr.
1849 2130 1968 2174 cod.
2020 2143 2063 2173 v.
2082 2128 2142 2173 24
2162 2130 2376 2173 ocultos

165 2188 306 2232 cod.:
330 2188 678 2232 correximus

234 2258 281 2302 p.
301 2246 389 2291 249
408 2261 451 2291 ν.
471 2247 499 2291 5
518 2247 799 2291 mundane
820 2249 962 2291 cod.:
985 2247 1318 2292 correximus
1374 2261 1416 2291 v.
1437 2247 1466 2291 9
1485 2247 1678 2292 inditia
1699 2249 1842 2293 cod.:
1865 2249 2199 2293 correximus
2254 2262 2297 2291 v.
2321 2248 2376 2292 10

162 2306 510 2361 reperiuntur
523 2312 711 2362 postea
730 2307 948 2352 inseruit
968 2308 1086 2352 cod.
1151 2321 1193 2350 v.
1214 2307 1273 2350 25
1292 2306 1579 2363 conijcerit
1594 2308 1737 2352 cod.:
1761 2308 2093 2352 correximus
2155 2322 2196 2352 v.
2217 2307 2274 2352 29
2294 2308 2376 2351 in-

166 2366 413 2421 telligent
430 2379 497 2411 ex
515 2366 774 2422 intelligit
789 2378 927 2412 corr.
950 2367 1070 2411 cod.
1134 2381 1176 2410 v.
1196 2367 1249 2410 31
1275 2367 1540 2422 appelant
1557 2369 1700 2412 cod.:
1723 2368 2070 2412 correximus

234 2437 280 2480 p.
300 2426 388 2470 250
408 2440 450 2470 ν.
469 2425 499 2470 3
518 2425 620 2470 lint
633 2438 699 2470 ex
712 2426 984 2471 [untcorr.
1001 2428 1120 2471 cod.
1185 2441 1227 2470 v.
1245 2426 1300 2470 16
1320 2427 1602 2471 euadetex
1616 2427 1808 2471 euadit
1818 2439 1956 2472 corr.
1973 2428 2091 2472 cod.
2183 2427 2379 2471 sentiet

165 2484 546 2530 exsentitcorr.
556 2486 675 2531 cod.
703 2485 1068 2530 v.17facietex
1079 2485 1490 2531 facitcorr.cod.
1518 2487 1627 2531 v.22
1641 2497 1860 2532 omnem
1875 2488 2372 2532 cod.:correximus.

349 2611 483 2672 AD
513 2611 1178 2674 HOROSCOPUM
1210 2612 1663 2673 PRINCIPIS
1684 2612 1719 2685 J
1726 2612 2009 2673 OHAN
2016 2613 2083 2673 N
2092 2612 2186 2673 IS.

235 2710 281 2754 p.
301 2699 389 2744 263
408 2714 451 2744 ν.
470 2699 529 2744 38
554 2699 788 2750 exiliant
804 2713 872 2745 ex
891 2700 1213 2745 existentem
1236 2712 1374 2746 corr.
1398 2702 1517 2745 cod.

235 2770 281 2814 p.
301 2759 390 2803 264
408 2774 451 2803 ν.
471 2760 499 2803 8
524 2760 821 2804 indicando
842 2762 985 2805 cod.:
1009 2761 1356 2805 correximus.

235 2829 281 2873 p.
301 2819 390 2863 265
408 2833 450 2862 ν.
474 2819 529 2863 15
552 2819 916 2865 Alchocodaei
934 2833 1000 2865 ex
1019 2820 1380 2865 Alchocoden
1402 2831 1539 2864 corr.
1562 2821 1681 2865 cod.
1703 2823 1761 2864 ut
1779 2820 2003 2864 videtur.

236 2889 282 2933 p.
301 2878 383 2922 271
408 2893 451 2922 ν.
470 2879 528 2923 36
555 2879 881 2924 detrimento
901 2881 1044 2925 cod.:
1068 2881 1415 2924 correximus,

236 2949 282 2992 p.
301 2938 389 2982 276
408 2952 450 2982 ν.
475 2938 529 2982 12
555 2939 824 2983 durabilia
844 2952 911 2984 ex
931 2939 1263 2984 durabiliora
1284 2951 1422 2984 corr.
1445 2940 1564 2983 cod.

236 3008 282 3051 p.
302 2996 390 3041 277
410 3011 451 3041 ν.
475 2997 530 3041 14
555 2997 910 3054 alienoreque
931 2999 1073 3044 cod.:
1097 2999 1445 3044 correximus

600 3113 732 3173 AD
760 3111 1540 3174 TRIANGULORUM
1569 3111 1938 3172 PRAXIN.

236 3211 282 3254 p.
301 3199 391 3244 285
409 3214 451 3244 v.
472 3200 500 3244 5
525 3201 692 3245 verba
709 3201 989 3257 Trianguli
999 3199 1327 3256 Recianguli
1344 3201 1508 3245 etiam
1527 3200 1582 3244 in
1600 3200 1838 3255 margine
1858 3201 2062 3255 praebet
2082 3200 2200 3244 cod.
2253 3213 2296 3250 ν.
2320 3199 2367 3242 11

166 3258 220 3302 in
238 3260 476 3315 margine
495 3261 738 3317 leguntur
756 3261 924 3306 verba
944 3261 1096 3304 Idem
1114 3271 1231 3316 per.

237 3329 282 3373 p.
296 3318 385 3362 286
404 3333 446 3362 ν.
460 3319 489 3363 3
514 3320 600 3364 hic
621 3322 849 3365 eandem
869 3321 1097 3376 figuram
1117 3321 1321 3375 praebet
1335 3320 1455 3364 cod.
1472 3331 1636 3374 quam
1652 3319 1790 3362 infra
1809 3331 1858 3374 p.
1875 3318 1979 3371 287,
2000 3319 2095 3363 sed
2110 3319 2281 3363 deleta
2296 3322 2375 3362 est

166 3391 208 3420 v.
229 3377 258 3420 5
276 3378 442 3422 verba
467 3378 749 3434 Trianguli
767 3390 875 3424 non
897 3377 1223 3434 Rectanguli
1240 3379 1401 3423 etiam
1422 3378 1475 3422 in
1494 3379 1732 3434 margine
1751 3379 1956 3434 praebet
1976 3378 2095 3422 cod.

310 3463 351 3497 31
