2730 4264
68 999 124 1042 2v

78 1327 118 1362 10

76 1849 118 1885 1⁵

71 2253 117 2288 20

71 2610 116 2645 25

71 2966 116 3002 30

1059 288 1474 366 CARMINA
2281 314 2373 368 217

451 457 531 507 At
550 454 762 508 faciem
783 470 1045 515 cernenS‚
1067 454 1417 520 hominique
1437 455 1730 507 fimillima
1750 456 2033 517 membra,

523 527 852 590 Diuinique
873 529 1058 578 animi
1078 542 1332 579 munera
1352 543 1529 580 carne
1549 530 1759 591 premi:

451 598 579 650 Iam
598 614 722 649 non
743 597 1028 658 coelicola,
1050 606 1152 649 aut
1171 599 1437 651 mortalis
1458 599 1768 660 habebere,
1790 599 1956 651 dixit:

522 669 798 722 Heroum
818 668 1017 720 fimilis
1036 669 1149 730 sed,
1170 669 1392 735 Tych0,
1415 670 1772 722 Semidessm.

1141 764 1503 818 MARTINUS
1530 765 1810 818 MYLms
1838 765 2215 819 Gorlicienfis
2242 766 2302 819 F.

217 981 348 1042 AD
378 980 785 1042 EVNDEM
813 978 1358 1042 TYCHONEM
1390 982 1845 1044 ATLANTIS
1874 983 2321 1045 COELIFERI

304 3460 351 3496 28

635 1071 954 1125 NOSTRO
982 1073 1287 1126 SECVLO
1316 1073 1902 1128 SVCCESSOREM.

558 1167 801 1220 RIMVS
821 1167 1070 1221 ATLAS
1091 1168 1356 1221 humeris
1377 1168 1558 1221 fertur
1578 1169 1898 1235 validisque
1920 1172 2169 1232 lacertiS‚

628 1240 960 1291 Immanem
981 1240 1138 1293 Coeli
1158 1240 1465 1293 sustinuisse
1486 1241 1749 1306 globum:

450 1310 567 1363 Cui
587 1317 751 1363 tanta
770 1310 1167 1364 succumbenti
1187 1328 1310 1376 prae
1331 1312 1506 1372 mole,
1527 1320 1828 1377 potentem

521 1381 833 1434 Successisse
854 1385 1022 1434 aiunt
1041 1383 1872 1436 AMPHITRYONIADEM.

419 1498 421 1500 .
449 1454 685 1513 Atiam,
708 1456 840 1518 quis
861 1453 1081 1506 collum
1100 1457 1329 1506 ruituro
1349 1454 1553 1507 subdat
1575 1456 1833 1521 Olympo
1846 1454 1873 1508 Ρ

521 1524 642 1588 Qui
661 1524 848 1586 faciet,
870 1525 1052 1578 facias
1073 1529 1135 1577 ni
1154 1525 1453 1587 TYCHO,
1475 1527 1676 1579 nullus
1697 1530 1819 1579 erit.

1394 1622 1601 1674 IONAS
1629 1622 1855 1675 IACOBI
1882 1623 2219 1676 Huenenfis
2240 1624 2300 1677 F.

492 1837 617 1897 DE
644 1837 1134 1898 TYCHONIS
1164 1838 1278 1899 ET
1302 1839 1689 1900 VRANIAE
1715 1840 2051 1902 AMORE

870 1928 1324 1982 CONIVGALI
1351 1931 1664 2001 ELEGIA.

451 2023 806 2147 NVPER,
828 2030 892 2076 ut
912 2032 1049 2077 ante
1071 2025 1231 2077 Iouis
1251 2025 1461 2078 solium
1482 2026 1775 2093 satagebat
1794 2027 2014 2091 Apollo

664 2095 899 2148 Ducere
920 2095 1239 2162 spectatum
1258 2101 1506 2163 pignora
1529 2099 1967 2165 Mnemosyncs,

447 2165 846 2228 VRANIAM,
868 2168 1126 2232 reliquas
1146 2171 1314 2228 inter,
1336 2170 1634 2230 desiderat,
1656 2171 1822 2222 illam

520 2237 762 2303 Quaefijt
781 2241 845 2290 in
867 2239 1059 2300 Coelo,
1082 2240 1307 2306 quaefijt
1327 2244 1508 2305 inque
1530 2242 1693 2294 Solo:

447 2307 732 2370 Tandem,
755 2312 875 2374 qua
894 2311 1237 2363 VENELAE
1259 2312 1490 2365 cohibet
1510 2313 1657 2366 freta
1678 2313 2091 2367 BALTHICA
2112 2314 2300 2375 telluS,

518 2380 748 2433 Ludere
768 2384 831 2450 in
852 2383 1133 2447 amplexu
1154 2383 1317 2436 Diua
1337 2392 1569 2449 reperta
1588 2386 1712 2436 Viri
1735 2385 1825 2437 est.

449 2452 729 2505 Clamitat
748 2454 1063 2519 indignans
1085 2455 1301 2515 Frater,
1325 2456 1633 2508 Germana
1653 2457 1943 2521 pudorem

518 2523 744 2576 Siccine
764 2525 1071 2589 prostituiS,
1093 2529 1547 2591 uirgineumque
1569 2527 1782 2580 decus?
1846 2591 1848 2593 μ

447 2592 618 2648 Sicne
638 2595 947 2648 hominem
968 2597 1099 2649 Dea
1122 2598 1433 2650 Musarum
1453 2602 1735 2663 primaria
1756 2598 2005 2665 flagras?

519 2666 740 2732 Nilque
760 2669 940 2732 pudet
960 2668 1256 2734 Superum
1276 2670 1637 2722 dedecorasse
1658 2669 1879 2735 genus?

447 2737 633 2790 Dixit:
656 2739 708 2791 &
728 2742 1015 2805 arripiens
1036 2756 1360 2806 arcumque
1382 2758 1450 2793 ac
1470 2741 1706 2805 spicula,
1729 2758 1864 2806 quae
1886 2742 2039 2795 clam

518 2809 784 2862 Subdidit
804 2814 867 2862 in
886 2810 1227 2876 pharetram
1247 2812 1450 2865 fallere
1470 2828 1689 2878 gnarus
1710 2815 1915 2874 Amor,

446 2880 678 2946 Proque
698 2881 814 2934 suis
834 2890 1021 2942 utens,
1045 2891 1221 2948 caput
1240 2883 1353 2936 hac
1372 2884 1626 2948 illacque
1648 2884 1953 2936 coruscum

517 2952 736 3013 Vibrat‚
759 2953 811 3005 &
831 2970 867 3006 a
887 2954 1096 3019 triplici
1116 2958 1370 3020 percitus
1390 2958 1539 3020 igne,
1562 2956 1725 3007 calet.

447 3022 726 3089 Quisquis
748 3040 825 3084 es,
847 3026 1091 3078 ulciscar
1109 3042 1206 3078 me
1227 3042 1403 3087 nune,
1425 3030 1521 3086 ait,
1542 3027 1696 3078 ilicet
1717 3043 1922 3079 arcum

516 3094 745 3157 Tendit,
768 3096 962 3162 &ipsa
981 3098 1107 3149 Viri
1128 3098 1359 3162 cuspide
1382 3098 1560 3150 corda
1580 3098 1725 3150 ferit.

448 3165 715 3219 Cernens
734 3167 954 3220 subrifit
975 3169 1206 3221 Diuum
1225 3170 1411 3228 Pater,
1433 3169 1583 3221 infit:
1605 3176 1664 3221 at
1684 3169 1814 3221 istos

519 3237 719 3301 Quam
738 3240 889 3291 bene
911 3248 1158 3298 conatus
1179 3248 1302 3292 arte
1322 3239 1523 3291 fefellit
1542 3239 1768 3292 Amor?

445 3308 618 3369 Proh,
639 3311 831 3374 pudor
851 3312 888 3362 ὀ
908 3311 1100 3371 Titan,
1122 3314 1225 3376 qui
1245 3310 1454 3364 cuncta
1473 3314 1735 3375 patentia
1755 3311 1958 3364 lustras

517 3380 786 3443 Lumine,
807 3384 929 3434 iam
950 3385 1096 3435 coeci
1116 3382 1274 3434 lusus
1295 3382 1370 3434 ab
1391 3389 1514 3434 arte
1535 3382 1651 3434 Dei
1672 3398 1755 3434 es:
2192 3454 2236 3506 P
2307 3454 2348 3505 h

2237 3469 2304 3506 ro
2352 3494 2364 3514 ‚
