2730 4264
417 335 517 387 224
1094 333 1370 384 VARIAE
1396 332 1888 386 SCRIPTURAE

411 474 769 527 praeterquam
790 472 852 522 D,
875 471 967 514 sed
986 468 1211 513 correxit
1260 478 1311 511 v.·
1323 467 1380 511 29
1399 467 1768 511 inchoaturam
1789 469 1844 526 T]
1864 469 2223 513 inchoandam
2245 471 2282 513 E
2330 481 2374 515 ν.
2393 470 2566 515 31-’33

417 530 600 574 Licet.
619 562 629 572 .
647 563 657 573 .
679 528 919 572 iudicaui
943 540 1045 571 orn,
1074 528 1119 569 D
1180 537 1223 569 ν.
1245 525 1419 569 34-35
1444 536 1550 573 necv
1571 526 1827 581 sapientis
1853 529 1909 570 et
1931 527 2057 571 boni
2082 527 2155 570 est
2177 527 2441 582 Astrologi
2463 540 2566 572 nec

416 588 542 631 satis
562 589 607 631 D
661 598 704 631 v.
724 587 780 630 35
800 585 978 642 huius]
999 586 1177 627 autem
1201 585 1246 626 D
1300 594 1345 627 ν.
1364 584 1420 626 36
1440 584 1678 642 arbitror]
1698 584 1940 628 existimo
1960 586 2005 628 D
2096 587 2566 645 quemadmodum]

417 648 475 690 vt
491 647 537 689 D
597 656 640 688 v.
660 644 826 688 37—-41
856 642 1066 686 Tacebo
1088 675 1097 686 .
1117 675 1127 685 .
1146 675 1156 684 .
1174 641 1503 698 prostituere]
1526 653 1669 698 nunc
1690 644 1760 685 ad
1778 642 1946 697 ipsum
1966 642 2209 686 Diarium
2234 654 2299 687 eo
2319 655 2422 698 quo
2442 655 2567 699 pro-

414 703 531 747 misi
554 703 739 746 ordine
760 701 1077 756 progrediar
1091 701 1153 751 D,
1180 700 1269 743 ubi
1292 704 1404 742 tum
1431 700 1661 755 sequitur
1680 701 1931 753 Diarium,
1959 703 2099 756 quod
2124 713 2221 745 nos
2245 703 2566 757 praebuimus

414 763 466 805 in
522 774 552 804 a
589 794 599 805 .
621 762 676 804 75
695 772 807 814 sqq.

483 774 528 873 ξ.
548 774 604 862 385
622 828 666 861 ν.
689 818 706 860 1
733 815 1077 860 astronomiae
1097 816 1142 858 D
1197 826 1241 859 v.
1264 815 1318 858 10
1336 815 1612 858 hominum
1634 826 1771 870 quos
1791 818 1837 860 D
1886 827 1930 861 v.
1953 817 2000 860 11
2026 816 2332 861 conformes
2352 818 2397 861 D
2446 828 2490 862 v.
2508 817 2566 862 29

416 876 658 933 Opificis]
679 873 1013 918 fabricatoris
1034 875 1079 916 D
1139 883 1183 916 v.
1201 873 1259 916 32
1278 873 1626 931 DiBolutioni]
1645 874 1972 928 corruptioni
1990 875 2051 918 D.

482 946 527 989 p.
546 934 603 978 36
622 944 665 977 ν.
684 934 712 976 9
731 932 1016 989 sublimior]
1031 930 1350 985 profundior
1365 932 1411 974 D
1454 942 1497 975 v.
1516 931 1575 975 20
1594 942 1699 986 qua
1719 944 1784 976 ex
1804 943 1926 986 quae
1945 944 2078 977 corr.
2095 933 2141 976 D
2181 943 2225 977 v.
2244 934 2295 977 31
2305 933 2417 977 --32
2431 944 2567 988 pen-

413 994 506 1036 det
522 1003 592 1035 ex
607 991 776 1046 positu
795 990 1043 1045 syderum
1065 990 1111 1032 D
1177 1000 1221 1033 v.
1240 989 1297 1032 37
1321 1000 1427 1033 non
1447 989 1613 1033 s01um
1635 990 1782 1033 haud
1799 990 1927 1034 satis
1948 992 1992 1033 D
2059 1001 2103 1035 v.
2121 991 2295 1035 38--39
2319 991 2567 1046 imperito

413 1061 622 1105 quoque
644 1050 805 1102 vulgo
823 1050 869 1091 D
930 1059 974 1091 ν.
993 1047 1044 1091 41
1069 1047 1384 1090 difleramus
1402 1048 1454 1090 in
1474 1048 1787 1091 dis3eremus
1807 1060 1940 1092 corr.
1963 1050 2025 1092 D.

481 1120 526 1162 p.
545 1108 602 1151 37
620 1118 664 1151 ν.
683 1107 798 1150 2-3
823 1105 1117 1149 amicorum
1141 1137 1151 1148 .
1170 1138 1180 1148 .
1199 1139 1209 1149 .
1230 1105 1493 1159 impulsus
1513 1117 1617 1150 om.
1640 1107 1686 1149 D
1746 1117 1791 1150 ν.
1813 1107 1861 1149 11
1892 1105 2112 1150 edoctus
2131 1106 2239 1150 feci
2261 1108 2306 1150 D
2326 1120 2466 1151 man.
2488 1120 2564 1162 pr.

414 1179 532 1221 quae
559 1179 607 1209 v.
643 1166 695 1208 12
723 1177 827 1209 om.
860 1175 965 1207 vna
994 1167 1046 1207 et
1072 1163 1181 1206 feci
1255 1174 1299 1207 ν.
1328 1164 1382 1206 17
1413 1162 1545 1221 Quae
1567 1196 1578 1207 .
1597 1196 1607 1206 .
1625 1196 1635 1206 .
1657 1164 1777 1207 loca
1807 1176 1911 1208 om.
1943 1166 1989 1207 D
2067 1175 2111 1209 ν.
2135 1165 2192 1208 28
2215 1166 2488 1219 propriam
2519 1167 2565 1209 D

412 1237 550 1268 man.
573 1236 648 1279 pr.
698 1234 742 1267 v.
761 1222 818 1266 29
837 1221 1059 1265 luminis
1080 1223 1125 1265 D
1145 1234 1283 1265 man.
1304 1234 1379 1276 pr.
1431 1232 1474 1266 ν.
1493 1222 1550 1265 33
1569 1222 1820 1266 aberrent
1836 1234 1902 1266 ex
1920 1222 2172 1266 aberrant
2189 1234 2323 1267 corr.
2346 1224 2392 1267 D
2446 1234 2490 1267 v.
2509 1223 2566 1267 36

410 1282 673 1336 integrum
693 1280 807 1324 fere
827 1280 1149 1324 decennium
1172 1281 1233 1323 D.
2431 1317 2435 1320 .

479 1352 525 1394 p.
544 1339 601 1383 38
619 1350 663 1383 ν.
686 1339 739 1382 14
764 1338 921 1396 alias]
941 1337 1218 1382 diBimiles
1244 1339 1289 1381 D
1350 1348 1394 1381 ν.
1413 1338 1471 1382 24
1495 1337 1804 1382 coformiter
1824 1339 1880 1382 E:
1904 1340 2228 1383 correximus
2252 1351 2318 1383 ex
2341 1340 2387 1382 D
2446 1350 2490 1383 ν.
2509 1338 2567 1382 28

410 1397 838 1442 coincidentibus
866 1398 929 1449 D,
958 1398 1050 1440 sed
1079 1396 1306 1440 correxit
1376 1407 1420 1440 ν.
1445 1396 1503 1440 30
1531 1395 1897 1441 diuidentibus
1925 1397 1987 1450 D,
2022 1397 2114 1440 sed
2143 1398 2371 1450 correxit
2439 1407 2484 1441 ν.
2509 1397 2559 1440 31

409 1456 688 1513 rationem]
717 1457 953 1499 tenorem
981 1456 1027 1498 D
1087 1465 1131 1498 ν.
1150 1454 1208 1498 35
1233 1454 1545 1498 adferemus
1570 1456 1616 1498 D
1679 1465 1724 1499 ν.
1742 1454 1800 1498 38
1823 1459 1942 1510 post
1966 1454 2262 1498 rationibus
2288 1456 2406 1499 add.
2433 1455 2568 1499 nulli

410 1513 795 1558 Mathematico
815 1513 1120 1557 euellendis
1139 1514 1185 1556 D
1245 1523 1290 1557 ν.
1309 1513 1366 1556 42
1387 1513 1436 1556 ἅῑ
1453 1512 1751 1556 rationibus
1770 1514 1827 1556 E:
1850 1514 2174 1557 correximus
2193 1525 2259 1557 ex
2277 1514 2339 1557 D.

479 1584 523 1626 p.
549 1573 606 1617 39
630 1584 674 1617 ν.
702 1573 756 1615 10
783 1572 854 1629 vt]
881 1572 1023 1626 quod
1048 1573 1094 1614 D
1185 1571 1494 1627 dubitarunt
1515 1572 1561 1614 D
1587 1583 1726 1615 man.
1754 1583 1830 1626 pr.
1892 1581 1935 1614 ν.
1962 1571 2012 1615 31
2042 1570 2132 1614 seb
2157 1573 2214 1615 E:
2243 1572 2566 1616 correximus

408 1642 452 1675 ν.
471 1631 528 1675 32
553 1630 754 1674 mansio
773 1630 987 1687 nomen]
1007 1628 1335 1673 mansionem
1363 1631 1425 1681 D,
1452 1631 1544 1673 sed
1564 1631 1792 1673 correxit
1850 1640 1894 1674 ν.
1913 1629 1971 1673 37
1990 1628 2272 1687 postremo]
2294 1629 2479 1674 vltimo
2502 1630 2564 1674 D.

478 1701 523 1743 p.
542 1689 601 1733 40
618 1700 662 1733 ν.
685 1689 703 1732 1
735 1688 930 1743 quibus
955 1700 1060 1732 om.
1090 1689 1136 1731 D
1162 1700 1302 1731 man.
1330 1700 1405 1742 pr.
1476 1698 1521 1731 v.
1540 1687 1685 1731 7-19
1708 1687 1867 1731 Adeo
1889 1721 1899 1732 .
1917 1721 1927 1731 .
1946 1719 1957 1731 .
1979 1688 2366 1731 altercaremur
2386 1700 2491 1733 om.
2519 1689 2565 1731 D

407 1758 451 1791 ν.
474 1748 528 1791 19
556 1746 836 1805 Quamuis]
857 1747 1012 1790 Licet
1030 1747 1075 1790 D
1135 1757 1179 1790 ν.
1198 1746 1256 1789 26
1278 1745 1640 1789 cummuniter
1654 1747 1711 1789 E:
1734 1747 2059 1790 correximus
2117 1756 2162 1790 ν.
2180 1745 2355 1790 31-32
2374 1746 2423 1790 ἃ
2436 1747 2566 1801 plus

409 1805 449 1848 si
468 1807 642 1849 velles
662 1817 767 1849 om.
791 1806 836 1848 D
896 1815 940 1849 v.
959 1805 1161 1859 40'p0st
1184 1804 1296 1847 1563
1315 1805 1433 1848 add.
1456 1804 1648 1858 Lipsiae
1668 1805 1714 1847 D
1823 1803 2128 1848 Astnonomi
2147 1837 2157 1848 .
2176 1837 2186 1848 .
2201 1837 2215 1848 ..
2237 1803 2484 1859 exquisiti
2502 1805 2564 1857 D,

408 1865 500 1907 sed
520 1865 747 1908 correxit
804 1874 849 1907 ν.
867 1863 919 1906 41
947 1862 995 1906 ἃ
1007 1862 1246 1919 popinis]
1266 1863 1321 1905 in
1337 1862 1558 1917 popinis
1578 1863 1639 1906 D.

477 1934 522 1977 p.
541 1922 592 1965 41
616 1932 660 1966 ν.
679 1922 708 1965 2
727 1922 798 1965 ad
817 1934 922 1965 om.
945 1922 990 1964 D
1043 1932 1086 1964 ν.
1106 1921 1134 1964 6
1153 1919 1491 1975 aspectusque
1512 1922 1574 1973 D,
1595 1922 1689 1965 sed
1708 1921 1935 1964 correxit
1981 1931 2025 1965 v.
2048 1921 2219 1965 18—19
2238 1922 2361 1965 aut.
2379 1952 2390 1963 .
2409 1953 2419 1963 .
2441 1920 2566 1964 Pla-

407 1982 651 2024 netarum
674 1992 777 2032 om.
801 1981 846 2023 D
907 1990 951 2023 ν.
969 1979 1027 2022 22
1045 1979 1207 2036 fixas]
1223 1979 1534 2033 praecipuas
1552 1978 1698 2022 fixas
1718 1979 1779 2022 D.
1867 2034 1869 2036 Ι

477 2050 522 2093 p.
541 2039 598 2082 42
617 2049 660 2082 ν.
680 2039 708 2082 5
727 2038 893 2082 habet
907 2037 1042 2080 iuris
1062 2038 1107 2080 D
1162 2048 1205 2080 ν.
1229 2037 1282 2080 19
1304 2036 1688 2095 obsequentes]
1709 2037 2025 2081 obedientes
2044 2037 2090 2080 D
2139 2047 2183 2080 v.
2202 2037 2259 2080 28
2278 2036 2565 2094 Postremo]

414 2097 610 2141 Vltimo
630 2098 675 2140 D
723 2108 767 2140 ν.
787 2096 844 2140 39
863 2099 983 2139 ante
999 2097 1178 2139 tamen
1200 2097 1319 2138 add.
1337 2097 1516 2139 tamen
1534 2096 2012 2153 (quemadmodum
2030 2097 2195 2149 poeta
2215 2095 2375 2152 dixit)
2393 2096 2455 2147 D,
2475 2095 2566 2140 ubi

407 2157 548 2211 prius
577 2156 757 2198 tamen
785 2158 968 2210 postea
997 2155 1223 2198 deletum
1252 2158 1345 2206 est,
1379 2157 1430 2207 et
1458 2157 1578 2198 ante
1606 2154 1745 2197 dixit
1769 2154 1888 2197 add.
1918 2152 2058 2196 redte
2086 2166 2227 2198 man.
2257 2165 2360 2198 sec.
2439 2163 2483 2197 ν.
2507 2152 2558 2197 41

402 2213 671 2268 praeposui
689 2214 735 2256 D
756 2226 895 2257 man.
917 2225 992 2267 pr.

476 2283 522 2326 p.
534 2271 592 2315 43
610 2282 655 2315 ν.
668 2271 695 2315 6
715 2271 1082 2314 desiderantur
1090 2272 1142 2314 in
1155 2269 1522 2314 desiderentur
1531 2281 1665 2314 corr.
1682 2271 1728 2313 D
1762 2281 1806 2314 ν.
1820 2271 1848 2313 7
1865 2269 2136 2313 inferioris
2150 2271 2257 2314 om.⁴
2273 2270 2317 2313 D
2331 2282 2471 2313 man.
2486 2281 2563 2324 pr.

406 2341 450 2374 ν.
469 2331 584 2374 7-8
606 2330 654 2373 8(
675 2363 685 2373 .
703 2362 714 2372 .
733 2362 743 2372 .
770 2329 1151 2372 vicissitudines
1171 2341 1275 2373 om.
1299 2330 1344 2371 D
1405 2339 1449 2372 ν.
1468 2328 1496 2371 8
1515 2328 1729 2372 resoluti
1746 2327 1962 2386 studius]
1982 2327 2206 2371 effeetus
2226 2329 2271 2371 D
2328 2338 2372 2372 ν.
2396 2327 2566 2372 14-15

406 2389 604 2432 nedum
626 2398 728 2431 nos
748 2388 840 2442 qui
856 2398 1129 2441 nunquam
1149 2387 1254 2430 hoc
1273 2387 1560 2440 negocium,
1575 2387 1730 2441 prius
1750 2386 1987 2441 aggresii,
2009 2397 2152 2430 nunc
2162 2385 2393 2440 primam
2410 2386 2563 2444 [corr.

406 2446 620 2501 exprim
630 2446 734 2503 um]
748 2446 907 2490 aedim
917 2456 980 2489 us
994 2444 1195 2488 laboris
1208 2444 1366 2489 nostri
1377 2444 1621 2489 faeturam
1639 2446 1684 2488 D
1727 2455 1771 2489 v.
1790 2445 1842 2488 18
1862 2445 2137 2488 obtineant
2149 2456 2254 2488 om.
2274 2446 2316 2487 D
2331 2457 2470 2488 man.
2486 2457 2562 2499 pr.

406 2504 642 2550 v.23—24
667 2516 699 2548 a
720 2505 918 2558 paucis
946 2507 1124 2547 tamen
1150 2502 1523 2553 animaduersa
1550 2515 1654 2547 om.
1683 2505 1728 2546 D
1797 2513 1841 2547 ν.
1861 2503 1918 2547 26
1941 2502 2221 2557 speremus
2246 2503 2292 2545 D
2319 2515 2458 2546 man.
2486 2514 2562 2558 pr.

406 2573 450 2607 v.
469 2563 519 2607 31
546 2562 863 2619 praedicere]
878 2563 1180 2616 producere
1206 2563 1252 2605 D
1273 2574 1413 2605 man.
1435 2574 1510 2616 pr.
1573 2572 1617 2606 ν.
1636 2561 1693 2605 32
1719 2561 1787 2604 de
1807 2572 1955 2605 aurae
1972 2560 2104 2604 statu
2131 2573 2236 2605 om.
2258 2561 2304 2603 D
2325 2561 2464 2604 man.
2486 2573 2562 2615 pr.

405 2632 449 2665 ν.
473 2620 532 2665 35
559 2620 802 2664 efficiant
828 2622 872 2664 D
903 2633 1146 2675 man.,pr.
1209 2631 1253 2664 ν.
1278 2619 1335 2663 37
1364 2619 1612 2677 asserere]
1639 2619 1869 2663 liberare
1898 2621 1944 2663 D
2008 2630 2052 2663 ν.
2077 2619 2135 2662 40
2162 2619 2316 2663 vobis
2343 2619 2561 2674 inquam

406 2691 511 2723 om.
534 2680 580 2722 D
641 2690 684 2723 v.
703 2679 760 2722 42
783 2679 1007 2723 Sientiae
1027 2681 1084 2723 E:
1108 2679 1446 2723 correximus.

474 2749 520 2792 p.
533 2737 590 2780 44
602 2748 646 2781 v.
659 2738 688 2780 2
703 2737 1034 2792 suscepimus
1047 2749 1112 2781 ex
1124 2735 1424 2790 scripsimus
1438 2748 1572 2780 corr.
1590 2737 1635 2779 D
1695 2746 1739 2780 v.
1756 2736 1810 2779 17
1828 2739 1947 2791 post
1960 2736 2246 2779 allaturum
2265 2735 2383 2779 add.
2396 2733 2565 2778 Ante-

406 2807 565 2850 quam
596 2806 723 2839 vero
742 2795 992 2850 promissa
1019 2795 1401 2850 aggrediemur
1423 2793 1696 2838 tradtatum
1723 2794 1976 2852 [aliquem
2004 2794 2208 2852 delevit]
2234 2793 2317 2836 De
2343 2803 2485 2837 noua
2511 2794 2569 2836 et

404 2854 648 2898 inusitata
675 2855 907 2908 quadam
934 2855 1110 2907 stella,
1138 2863 1260 2908 quae
1277 2853 1429 2896 iuxta
1449 2852 1613 2896 finem
1635 2852 1765 2896 anni
1782 2852 2070 2907 superioris
2091 2851 2268 2907 primo
2286 2849 2563 2906 conspecta

405 2911 492 2965 est,
514 2912 857 2966 praemittam.
887 2911 992 2956 Etsi
1012 2923 1140 2956 vero
1166 2912 1287 2954 eius
1312 2910 1662 2955 consideratio
1683 2920 1790 2955 non
1814 2912 1919 2954 tam
1941 2910 1996 2954 in
2015 2910 2161 2954 hunc
2180 2920 2380 2954 annum
2401 2919 2560 2964 quam

405 2972 604 3014 multos
623 2971 763 3014 alios
780 2969 1067 3025 sequentes
1087 2970 1370 3024 pertineat,
1400 2971 1580 3014 tamen
1606 2969 1731 3024 quia
1756 2969 1966 3012 initium
1985 2968 2151 3012 huius
2170 2967 2301 3011 anni
2312 2967 2564 3022 proxime

405 3028 679 3072 anteceBIt
704 3029 826 3072 eius
853 3028 1018 3072 stellae
1047 3027 1312 3083 apparitio
1340 3028 1492 3085 [corr.
1523 3039 1588 3072 ex
1617 3027 2042 3085 apparitionem],
2075 3037 2181 3070 non
2214 3026 2315 3069 abs
2341 3036 2400 3069 re
2432 3025 2565 3069 duxi

405 3087 585 3140 aliqua
606 3087 673 3130 de
693 3086 804 3141 ipsa
825 3098 856 3130 a
876 3086 1034 3130 nobis
1053 3086 1347 3141 conscripta
1368 3086 1495 3129 huic
1514 3086 1699 3130 Diario
1717 3085 2047 3140 praemittere
2068 3086 2114 3128 D
2174 3095 2217 3129 v.
2241 3084 2294 3127 18
2315 3085 2472 3138 plura
2498 3096 2563 3127 ex

400 3145 565 3199 plena
587 3157 721 3189 corr.
744 3146 789 3188 D
838 3155 882 3189 ν.
901 3145 958 3201 22
978 3145 1222 3202 illustres]
1242 3145 1493 3199 ingentes
1512 3146 1558 3187 D
1606 3155 1650 3188 v.
1669 3144 1727 3188 23
1746 3142 1970 3187 amussin
1991 3145 2048 3187 E:
2071 3143 2395 3187 correximus
2442 3152 2487 3186 ν.
2505 3141 2563 3185 25

405 3203 619 3246 mendis
650 3215 715 3247 ex
746 3203 965 3246 mundis
996 3215 1131 3247 corr.
1165 3204 1211 3245 D
1317 3202 1410 3246 suo
1441 3214 1506 3246 ex
1536 3201 1645 3246 s'uae
1676 3214 1810 3246 corr.
1843 3204 1888 3245 D
1913 3203 1915 3206 ⁴
1960 3212 2004 3246 v.
2029 3201 2086 3244 26
2115 3201 2262 3244 Nutu
2292 3199 2414 3257 Det]
2444 3199 2563 3243 Deo

403 3259 622 3362 &uente
653 3262 699 3304 D
777 3271 820 3304 ν.
845 3261 902 3304 27
934 3261 1225 3315 aliquando
1252 3273 1356 3305 om.
1389 3263 1434 3303 D
1462 3273 1603 3304 man.
1633 3272 1709 3315 pr.
1788 3270 1832 3304 ν.
1856 3259 2031 3304 36-238
2063 3260 2390 3313 Exemplar.
2408 3291 2419 3303 .
2437 3289 2447 3301 .
2470 3258 2563 3301 de-

444 3320 663 3363 deratur
678 3331 782 3363 om.
804 3320 866 3363 D.
