2730 4264
428 314 530 366 276
1106 313 1384 364 VARIAE
1409 313 1902 366 SCRIPTURAE

424 449 736 503 praecisione
765 448 1090 505 extricarint]
1118 448 1191 491 ita
1220 447 1552 491 extricarunt
1575 451 1663 491 m.¹
1715 498 1718 501 ,
1753 463 1795 492 ν.
1821 449 2281 509 42-satissecerint]
2309 452 2582 497 satisface-

428 509 548 549 rent
565 510 657 550 m.¹

498 579 539 618 p.
563 565 645 607 174
664 578 705 607 ν.
729 565 746 607 1
779 565 925 607 omni
952 570 1055 607 om.
1078 566 1165 606 m.¹
1234 577 1275 606 v.
1299 563 1352 606 10
1377 561 1630 620 astrictus]
1655 564 1910 618 alligatus
1939 569 2026 609 m.¹
2093 580 2135 609 v.
2158 566 2211 609 12
2236 567 2580 627 consentiant]

429 622 784 665 consenserint
807 625 893 664 m.¹
961 635 1001 663 v.
1026 621 1194 664 12-13
1219 621 1542 678 claudicent]
1561 622 1917 666 claudicarint
1939 626 2025 667 m.¹
2093 638 2135 667 v.
2158 625 2212 668 15
2236 637 2467 679 magnus
2488 626 2581 670 ille

428 681 773 733 Hipparchus
800 692 903 722 om.
926 682 1012 721 m.¹
1103 693 1143 721 v.
1167 679 1221 722 18
1247 682 1364 733 post
1388 677 1485 721 nili
1509 681 1627 723 add.
1650 680 1772 734 quis
1797 683 1885 724 m.¹
1976 695 2017 724 v.
2037 682 2204 726 20-21
2239 682 2392 740 Quod
2408 716 2418 726 .
2436 717 2446 727 .
2465 716 2474 727 .
2492 685 2580 742 est]

426 738 503 781 At
519 740 605 779 m.¹
657 752 697 779 v.
712 738 762 779 21
787 736 958 790 postli
970 738 1087 779 add.
1105 736 1227 789 quis
1241 739 1352 788 m.²‚
1374 737 1467 780 sed
1487 738 1676 781 delevit
1717 753 1759 781 v.
1772 738 1830 781 22
1849 739 2128 797 aBumpIit]
2148 741 2579 795 aBumpseritm.¹

427 810 468 838 v.
488 796 659 838 22—23
687 794 924 850 tentauit]
948 793 1161 837 tentarit
1177 797 1265 838 m.¹
1321 809 1361 837 v.
1382 794 1439 839 23
1469 794 1599 839 Cum
1625 797 1821 854 tamen]
1839 797 1917 840 At
1932 809 2054 840 cum
2075 801 2163 842 m.¹
2216 813 2257 842 v.
2277 800 2334 842 25
2360 801 2580 858 occasio]

430 853 515 896 uia
544 855 630 896 m.¹
725 866 765 894 v.
785 852 842 894 27
867 851 1218 909 deprehensa]
1243 852 1519 897 constituta
1546 856 1634 897 m.¹
1680 855 1684 858 '
1729 866 1771 897 ν.
1790 855 1848 898 30
1873 855 2191 914 adhibuerit]
2217 857 2466 902 habuerit
2487 862 2579 902 m.¹

426 925 467 953 v.
487 911 537 954 31
567 910 792 966 scriptis]
818 910 1371 954 animaduersionibus
1395 914 1483 955 m.¹
1577 926 1618 955 v.
1638 912 1695 956 35
1720 917 1839 967 post
1858 915 2096 967 potuerit
2117 916 2235 958 add.
2257 917 2353 958 aut
2373 917 2582 960 neceBe

425 969 675 1011 habuerit
691 971 778 1011 m.¹
845 982 887 1011 v.
906 968 964 1010 42
990 967 1332 1026 exhibendis]
1353 969 1676 1013 denotandis
1697 974 1784 1014 m.¹

494 1040 537 1079 p.
555 1026 637 1068 175
656 1039 697 1068 v.
711 1026 826 1069 3—4
846 1025 1199 1069 habitantium
1216 1039 1320 1070 om.
1338 1030 1425 1070 m.¹
1475 1040 1517 1071 v.
1531 1028 1560 1071 4
1579 1039 1739 1082 quam
1756 1029 1991 1084 proprijs
2006 1041 2110 1073 om.
2127 1033 2214 1074 m.¹
2272 1036 2391 1075 ante
2406 1033 2583 1086 quoad

427 1085 543 1126 add.
569 1086 672 1126 tam
700 1086 787 1126 m.¹
872 1097 914 1126 v.
934 1085 971 1130 7,
987 1084 1276 1142 reliquerit]
1305 1085 1581 1129 tradiderit
1602 1089 1689 1129 m.¹
1772 1101 1814 1130 v.
1833 1088 1861 1132 8
1887 1088 2259 1146 determinata]
2285 1089 2461 1133 decisa
2487 1093 2580 1134 m.¹

426 1156 466 1184 v.
490 1141 543 1184 10
568 1142 1007 1199 Hipparchianis]
1029 1143 1117 1185 his
1142 1145 1230 1186 m.¹
1298 1157 1339 1186 v.
1363 1143 1412 1187 11
1441 1143 1515 1201 in]
1535 1155 1641 1187 non
1668 1147 1755 1187 m.¹
1822 1144 1864 1188 ν’.
1888 1146 1941 1188 12
1967 1150 2086 1190 ante
2106 1146 2436 1190 Ptolemaeus
2462 1150 2580 1192 add.

431 1200 641 1242 Vtinam
666 1211 792 1242 uero
811 1200 1015 1244 illinon
1036 1200 1215 1243 adhuc
1235 1202 1413 1255 magis
1433 1202 1593 1245 dubia
1609 1202 1941 1256 protuliBent
1964 1207 2050 1246 m.¹
2139 1205 2470 1249 Ptolemaeus
2489 1217 2583 1249 au-

427 1258 550 1314 tem]
571 1258 856 1312 Ptolemaej
871 1260 1016 1301 certe
1039 1261 1126 1301 m.¹
1206 1273 1247 1302 v.
1271 1259 1325 1302 13
1349 1259 1441 1302 sua
1462 1272 1567 1304 om.
1589 1263 1677 1304 m.¹
1756 1275 1798 1304 v.
1821 1261 1875 1304 14
1898 1261 2002 1304 hoc
2023 1262 2298 1320 deriuaRe]
2319 1274 2385 1307 eo
2399 1265 2583 1318 potius

425 1316 665 1359 deriuata
692 1319 779 1359 m.¹
860 1330 900 1359 v.
924 1316 1093 1360 14—15
1119 1317 1434 1371 aBumpliBe
1458 1319 1643 1372 potius
1674 1318 1898 1376 uidetur]
1927 1319 2184 1374 aRumpta
2217 1321 2466 1365 uidentur
2483 1325 2580 1366 ‘m.¹
2661 1350 2663 1352 -

424 1388 465 1417 v.
493 1374 546 1416 15
577 1375 924 1428 quantitatem
956 1376 1206 1432 eandem]
1236 1376 1548 1429 quantitatis
1577 1378 1768 1420 eadem
1797 1380 1884 1420 m.¹
1964 1392 2006 1421 v.
2034 1378 2088 1421 16
2118 1379 2349 1437 retinuit]
2377 1381 2582 1424 retenta

424 1435 511 1475 m.¹
588 1436 706 1487 post
726 1433 868 1486 quod
887 1434 1005 1477 add.
1027 1433 1148 1477 haec
1169 1437 1256 1477 m.¹
1333 1448 1374 1477 v.
1398 1435 1452 1477 17
1477 1435 1597 1478 haec
1618 1447 1722 1479 orn.
1746 1438 1833 1479 m.¹
1906 1449 1949 1479 v.
1972 1436 2025 1479 19
2052 1436 2199 1480 Solis
2218 1438 2275 1480 et
2291 1450 2395 1481 orn.
2419 1441 2506 1482 m.¹

422 1490 766 1548 motionibus]
794 1491 965 1534 motui
991 1494 1078 1534 m.¹
1174 1506 1216 1535 v.
1242 1492 1300 1535 20
1329 1492 1439 1550 illo]
1467 1493 1580 1547 ipso
1607 1495 1695 1537 m.¹
1786 1494 2101 1552 numeratis]
2130 1494 2459 1540 conformato
2487 1500 2581 1540 m.¹

424 1562 464 1591 v.
485 1548 652 1591 20-21
683 1550 1007 1602 recentibus,
1029 1561 1166 1603 quas
1186 1550 1330 1607 citat]
1350 1551 1656 1594 Neoteriois
1675 1551 1743 1594 ab
1762 1563 1829 1595 eo
1848 1552 2027 1595 citatis
2055 1555 2141 1596 m.¹
2220 1567 2262 1597 v.
2281 1554 2339 1597 22
2364 1552 2588 1608 despicit

423 1609 510 1649 m.¹
570 1621 611 1649 v.
631 1607 688 1650 23
712 1608 1086 1665 Ptolemaeum]
1106 1608 1250 1651 hunc
1271 1611 1358 1652 m.¹
1414 1624 1456 1652 v.
1476 1609 1533 1653 27
1558 1610 1823 1653 curriculo
1840 1610 2138 1668 scrutando]
2158 1612 2426 1655 erroribus
2444 1612 2584 1662 scru-

426 1665 604 1707 tandis
633 1669 720 1708 m.¹
817 1680 858 1709 v.
884 1665 942 1708 28
973 1665 1374 1724 quantitatibus]
1403 1667 1700 1711 rationibus
1728 1671 1815 1712 m.¹
1913 1682 1954 1711 v.
1979 1669 2037 1712 30
2067 1680 2139 1712 ex
2165 1669 2460 1728 semetipso]
2484 1681 2590 1725 per

422 1723 758 1777 semetipsum
781 1726 869 1767 m.¹
919 1738 960 1767 v.
974 1725 1025 1768 31
1050 1729 1169 1779 post
1187 1725 1391 1769 lubrica
1413 1727 1530 1769 add.
1548 1737 1653 1780 qua
1669 1726 1792 1769 usus
1808 1726 1882 1769 est
1900 1729 1988 1772 m.¹
2039 1741 2080 1770 v.
2094 1727 2151 1773 32
2170 1727 2351 1782 aliqua
2366 1740 2470 1772 om.
2487 1731 2581 1773 m.¹

423 1796 464 1824 v.
484 1781 541 1825 38
566 1782 637 1824 ad
655 1783 869 1839 manus]
888 1782 943 1824 in
959 1783 1210 1837 promptu
1232 1786 1319 1828 m.¹
1388 1798 1429 1827 v.
1448 1784 1506 1827 40
1529 1784 1861 1828 solummodo
1881 1797 1985 1830 om.
2008 1788 2095 1829 m.¹
2171 1786 2401 1844 collatis]
2422 1788 2585 1833 collo-

423 1840 563 1882 catis
581 1843 669 1884 m.1
748 1855 790 1883 v.
810 1841 867 1883 42
893 1841 1196 1884 Maecenate
1216 1844 1304 1885 m.¹
1635 1878 1637 1880 ,
1914 1874 1916 1876 s
2096 1879 2098 1881 .
2194 1849 2197 1851 ’
2258 1874 2261 1877 <

493 1912 535 1951 p.
559 1898 642 1941 176
660 1912 702 1941 ν.
725 1899 743 1941 1
775 1899 1126 1956 extruxerint]
1147 1901 1503 1943 extruxerunt
1518 1903 1606 1945 m.¹
1682 1912 1724 1944 v.
1743 1901 1772 1944 6
1795 1901 2077 1955 Appogaeo
2099 1903 2213 1946 cod.
2228 1909 2242 1946 :‘
2260 1904 2584 1947 correximus

424 1970 465 1998 v.
491 1957 518 1998 9
552 1956 940 2014 traditionibus]
968 1957 1427 2002 constitutionibus
1455 1962 1542 2002 m.¹
1651 1973 1693 2002 v.
1722 1959 1775 2003 13
1806 1964 1925 2014 post
1952 1960 2434 2004 PraedeceBoribus
2463 1963 2581 2005 add.

423 2014 533 2057 suis
559 2017 645 2057 m.¹
737 2016 808 2058 ad
829 2048 839 2058 .
858 2047 868 2058 .
887 2047 897 2058 .
919 2014 1525 2073 restituerel‘emendare
1551 2020 1639 2062 m.¹
1718 2031 1760 2060 v.
1783 2018 1837 2061 14
1863 2019 1932 2075 et]
1956 2018 2049 2061 sed
2074 2021 2162 2063 m.¹
2241 2033 2283 2062 v.
2307 2019 2360 2062 16
2384 2030 2491 2063 non
2514 2051 2552 2063 ..
2571 2052 2581 2062 .

424 2073 567 2130 el3et]
588 2072 959 2116 destitueretur
974 2076 1062 2117 m.¹
1092 2115 1094 2117 ,
1135 2088 1177 2117 ν.
1201 2075 1254 2118 18
1280 2086 1352 2117 ex
1370 2075 1644 2128 inopinato
1663 2087 1768 2119 om.
1790 2079 1878 2119 m.¹
1951 2090 1993 2119 v.
2016 2077 2070 2119 19
2088 2080 2207 2131 post
2225 2077 2585 2130 irregularita-

427 2132 531 2174 tem
555 2132 672 2174 add.
693 2132 1223 2186 inaequalitatemque
1250 2135 1337 2176 m.¹
1418 2133 1686 2191 astrueret]
1709 2133 2000 2177 abstrueret
2023 2138 2110 2178 m.1
2190 2149 2231 2178 v.
2251 2135 2308 2178 20
2332 2136 2387 2178 in
2408 2135 2584 2193 absur-

425 2189 550 2232 dum
579 2189 704 2246 abit]
730 2190 954 2233 absurda
980 2191 1167 2234 euadit
1188 2194 1276 2234 m.¹
1365 2205 1407 2234 v.
1431 2191 1490 2235 24
1520 2203 1626 2235 non
1653 2192 1921 2235 modicam
1950 2205 2054 2236 om.
2083 2195 2169 2236 m.¹
2258 2207 2299 2236 v.
2325 2194 2383 2237 25
2413 2193 2583 2237 nostra

424 2248 601 2304 aetate]
622 2247 765 2290 hisce
788 2249 1118 2302 temporibus
1137 2252 1225 2292 m.¹
1304 2263 1346 2292 v.
1365 2250 1423 2292 26
1448 2249 1687 2307 distante]
1709 2250 2021 2293 distantibus
2042 2254 2129 2294 m.¹
2208 2265 2249 2294 v.
2270 2252 2328 2295 29
2352 2256 2470 2307 post
2489 2263 2585 2295 ex-

420 2307 629 2359 plorato
650 2307 767 2350 add.
791 2308 847 2349 et
862 2307 917 2349 in
938 2308 1206 2350 calculum
1227 2306 1440 2351 redacto
1458 2310 1546 2351 m.¹
1596 2322 1638 2351 v.
1651 2308 1709 2352 32
1728 2308 2084 2366 deuiationes]
2100 2310 2476 2363 diuagationes
2489 2313 2582 2354 m.¹

424 2377 465 2406 v.
485 2364 542 2406 33
563 2363 735 2417 perse
757 2377 859 2407 om.
882 2367 970 2409 m.¹
1050 2366 1263 2423 euadat]
1284 2366 1345 2409 lit
1366 2368 1454 2409 m.¹
1533 2380 1575 2409 v.
1595 2366 1652 2410 36
1676 2366 1857 2424 ipsius]
1883 2367 2080 2410 ineius
2105 2370 2193 2411 m.¹
2271 2368 2509 2426 subinde]
2529 2369 2583 2412 in

425 2422 546 2464 dies
566 2425 653 2465 m.¹
712 2437 753 2465 v.
773 2423 831 2466 40
855 2424 1016 2480 apud]
1038 2424 1181 2466 circa
1202 2426 1289 2468 m.¹
1350 2425 1493 2482 eum]
1513 2435 1634 2467 eam
1655 2424 1855 2468 Annuo
1873 2426 2019 2469 motu
2041 2428 2128 2470 m.¹
2187 2440 2229 2469 v.
2248 2426 2415 2470 40—41
2443 2426 2583 2471 Orbe

425 2481 675 2537 quodam]
702 2482 932 2534 quodam
963 2481 1104 2526 Orbe
1130 2485 1218 2525 m.¹
1297 2496 1339 2525 v.
1364 2482 1416 2526 41
1446 2482 1744 2526 reuolutam
1771 2487 1891 2538 post
1917 2485 2077 2527 uocat
2097 2485 2270 2539 posuit
2295 2487 2381 2529 m.¹
2460 2498 2501 2528 v.
2527 2485 2584 2528 42
2616 2492 2619 2494 ·

419 2549 614 2592 parere
635 2551 739 2582 om.
762 2542 848 2582 m.¹
2506 2560 2510 2563 ·

493 2610 536 2650 p.
560 2597 642 2639 177
661 2611 702 2640 v.
722 2597 749 2640 2
775 2598 841 2640 ob
861 2597 1171 2655 Epicyclos]
1194 2598 1249 2641 in
1270 2598 1550 2654 Epicyclis
1574 2602 1662 2642 m.¹
1742 2613 1783 2643 v.
1804 2599 1919 2643 2-3
1944 2600 2298 2658 excusandos]
2325 2599 2584 2645 excusan-

425 2655 511 2697 dis
531 2658 617 2698 m.¹
667 2667 709 2698 v.
729 2655 757 2698 4
784 2655 987 2713 Solem]
1009 2656 1156 2700 Solis
1175 2659 1377 2700 motum
1399 2660 1486 2701 m.¹
1543 2671 1584 2700 v.
1604 2657 1632 2701 5
1657 2668 1757 2700 rex
1775 2659 1832 2701 et
1847 2658 2117 2713 Propheta
2138 2670 2242 2702 om.
2264 2662 2352 2702 m.¹
2408 2673 2449 2702 v.
2469 2659 2584 2702 5-.6

424 2713 545 2767 eJ'us
565 2715 786 2771 motum]
806 2725 927 2757 eam
949 2717 1037 2757 m.¹
1110 2729 1152 2758 v.
1171 2715 1199 2758 6
1224 2714 1399 2773 nostri]
1421 2714 1648 2758 nostrum
1669 2718 1756 2759 m.¹
1833 2719 1874 2759 'v.
1894 2716 1922 2760 9
1947 2727 1979 2759 a
1999 2716 2157 2760 nobis
2177 2728 2282 2761 om.
2305 2719 2392 2760 m.¹
2466 2731 2507 2760 v.
2530 2717 2577 2760 11
2667 2730 2669 2732 ·

424 2772 890 2815 incertitudinibus
917 2775 1003 2816 m.¹
1094 2787 1136 2816 v.
1166 2773 1219 2816 12
1249 2772 1547 2828 scrupolose
1574 2770 1675 2818 cod
1702 2787 1712 2817 t
1741 2775 2068 2818 correximus
2156 2789 2197 2818 v.
2223 2775 2277 2819 13
2307 2775 2584 2830 irrepenti-

425 2829 527 2872 bus
553 2833 640 2873 m.¹
720 2845 761 2873 v.
791 2831 845 2873 15
879 2830 1208 2885 uilipendam
1236 2835 1323 2875 m.¹
1403 2846 1445 2875 v.
1476 2833 1529 2875 17
1560 2832 1872 2890 etiamnum]
1899 2832 2077 2876 adhuc
2103 2836 2191 2877 m.¹
2270 2847 2312 2876 v.
2338 2834 2391 2877 19
2418 2833 2584 2877 statuo

425 2900 528 2931 om.
552 2891 639 2931 m.¹
701 2903 742 2931 v.
762 2889 813 2932 21
847 2889 1059 2947 talibus]
1078 2889 1168 2932 his
1187 2892 1275 2933 m.¹
1338 2904 1379 2933 v.
1398 2890 1456 2933 34
1481 2890 1741 2948 euenerit]
1763 2890 2052 2945 obrepserit
2068 2894 2155 2934 m.¹
2223 2905 2264 2934 v.
2284 2892 2341 2935 36
2365 2891 2496 2935 citra
2513 2924 2523 2934 .
2542 2925 2552 2935 .
2571 2924 2581 2934 .

425 2946 663 2989 constent
686 2959 790 2990 om.
813 2950 900 2991 m.¹
980 2962 1022 2991 v.
1047 2947 1104 2991 37
1138 2949 1298 3002 utque
1320 2979 1330 2990 .
1350 2980 1360 2991 .
1378 2980 1388 2991 .
1412 2950 1592 3006 quam]
1621 2959 1890 3003 quamque
1916 2951 2003 2993 m.¹
2083 2964 2124 2993 v.
2149 2949 2323 2994 38-39
2353 2949 2584 2993 redinte-

424 3004 611 3062 gratio]
631 3005 884 3049 restitutio
904 3009 991 3050 m.¹
1047 3019 1089 3049 v.
1109 3006 1166 3049 39
1191 3008 1248 3050 et
1264 3019 1368 3050 om.
1391 3009 1479 3051 m.¹
1535 3021 1576 3050 v.
1597 3007 1654 3050 42
1679 3008 1988 3065 attentione]
2008 3007 2470 3051 animaduersione
2489 3010 2582 3051 m.¹

493 3076 535 3115 p.
560 3063 642 3106 178
662 3077 702 3106 v.
723 3063 750 3106 3
775 3063 1059 3122 elucescat]
1074 3066 1264 3118 pateat
1280 3068 1386 3108 m.¹v
1447 3079 1488 3108 v.
1508 3065 1537 3108 5
1561 3062 1650 3108 hic
1671 3077 1775 3109 om,
1798 3068 1886 3109 m.¹
1965 3079 2007 3109 v.
2026 3066 2054 3109 6
2079 3065 2185 3123 his]
2204 3065 2274 3109 lis
2299 3068 2386 3109 m.¹
2465 3079 2507 3109 v.
2530 3066 2576 3109 11

424 3121 753 3179 enitendum]
768 3122 1126 3175 praeltandum
1150 3125 1236 3166 m.¹
1294 3122 1402 3180 hic]
1423 3123 1477 3165 in
1496 3123 1601 3167 hoc
1621 3126 1709 3166 m.¹
1765 3138 1806 3166 v.
1830 3124 1883 3167 12
1909 3123 2056 3167 omni
2069 3123 2313 3181 poBibili]
2334 3135 2438 3178 qua
2457 3124 2587 3167 licet

425 3182 511 3222 m.¹
592 3194 633 3222 v.
665 3180 715 3223 16
744 3181 1001 3238 acceptae]
1027 3179 1180 3225 fafflae
1207 3183 1294 3224 m.¹
1373 3194 1415 3224 v.
1444 3181 1497 3225 18
1528 3181 1852 3239 conquisitae]
1877 3183 2119 3236 acceptae
2143 3184 2231 3226 m.¹
2309 3196 2351 3225 v.
2377 3182 2433 3226 25
2458 3192 2583 3236 pro-

426 3237 592 3294 mitto]
606 3238 712 3280 scio
722 3239 1080 3292 promittoque
1094 3242 1181 3282 m.¹
1232 3253 1273 3283 v.
1287 3239 1345 3283 26
1363 3239 1646 3297 corrigent]
1659 3239 1934 3284 restituent
1948 3243 2036 3284 m.¹
2087 3254 2128 3283 v.
2142 3240 2199 3283 29
2217 3239 2361 3297 satis]
2375 3239 2474 3283 rite
2488 3243 2580 3283 m.¹

425 3308 467 3337 v.
486 3295 543 3338 33
569 3296 845 3353 ordinatis]
865 3296 1093 3340 diductis
1113 3300 1201 3341 m.¹
1268 3311 1310 3340 v.
1329 3297 1381 3340 41
1411 3296 1553 3354 ideo]
1574 3297 1640 3340 ob
1659 3298 1716 3341 id
1734 3301 1822 3342 m.¹
