2730 4264
819 339 941 391 AD
968 338 1301 392 TOMUM
1329 337 1762 391 OCTAVUM
2319 337 2400 389 311

190 491 235 525 v.
254 479 314 524 24
339 481 468 524 dum
491 491 598 524 om.
623 480 789 523 Resen
837 489 883 523 ν.
901 478 954 522 31
985 477 1210 537 habere]
1231 477 1440 522 habent
1456 478 1622 522 Resen
1671 488 1715 521 ν.
1735 476 1794 521 35
1819 475 2043 532 alligata
2065 477 2231 521 Resen
2280 487 2324 520 ν.
2344 476 2402 520 36

190 540 247 584 id
268 551 373 584 om.
397 540 563 583 Resen
624 550 667 583 v.
687 537 746 582 40
772 538 938 595 enim]
961 539 1144 582 tamen
1167 538 1332 583 Resen
1394 548 1438 583 V.
1457 537 1516 581 42
1541 537 1777 595 illorum]
1797 535 2028 581 aliorum
2052 537 2233 580 Resen.

261 622 306 666 p.
331 610 415 654 196
434 621 478 654 ν.
498 609 527 653 3
553 610 714 667 quod]
741 620 866 664 quae
892 610 1057 653 Resen
1086 650 1088 653 ,
1118 620 1163 654 ν.
1182 609 1211 652 5
1237 609 1511 667 antiquos]
1537 607 1754 663 aliquos
1780 609 1947 652 Resen
2008 619 2052 653 v.
2075 607 2130 651 12
2156 611 2278 663 post
2302 607 2402 651 ita-

191 681 297 725 que
319 670 439 714 add.
462 679 649 713 eorum
674 670 840 713 Resen
901 679 945 713 ν.
969 668 1023 712 13
1050 668 1212 726 quod]
1233 679 1356 723 quae
1377 669 1543 713 Resen
1604 679 1649 712 ν.
1668 667 1721 712 21
1751 668 1901 726 hinc]
1924 669 2049 712 tunc
2071 669 2237 712 Resen
2256 668 2398 722 (dub.

192 729 376 787 Lgbk.)
449 739 493 773 ν.
513 728 572 772 23
598 728 903 783 procedere
930 728 1158 772 fortasse
1185 729 1350 784 Lgbk.
1430 739 1474 772 v.
1494 727 1552 771 25
1579 728 1719 786 quae]
1747 727 1893 782 quod
1918 728 2085 772 Resen
2110 731 2168 771 ut
2194 728 2403 771 videtur

190 799 234 834 ν.
254 788 311 832 27
338 788 498 846 quod]
520 788 577 831 id
596 798 720 842 quae
741 788 908 832 Resen
962 797 1007 831 ν.
1027 787 1085 831 32
1111 788 1252 845 quae]
1274 788 1419 842 quod
1440 789 1605 832 Resen
1624 791 1682 831 ut
1701 788 1911 832 videtur
1970 787 2082 845 illo]
2104 787 2214 831 alio
2237 788 2402 831 Resen

190 847 312 951 334
337 848 412 892 ita
436 848 494 891 ut
517 859 623 892 om.
648 848 814 891 Resen
874 857 919 892 v.
938 846 997 890 39
1024 850 1146 891 ante
1165 847 1416 901 Apogaeo
1443 847 1562 891 add.
1586 847 1782 891 eodem
1811 848 1978 891 Resen
2043 851 2165 891 ante
2189 846 2250 890 26
2278 847 2399 890 add.

231 918 302 951 ne
324 908 503 952 Resen.

261 990 308 1034 p.
331 978 415 1022 197
434 989 478 1023 ν.
502 978 557 1022 13
582 978 852 1036 exhiberi]
873 977 1104 1035 exhibui
1122 979 1289 1022 Resen
1337 988 1381 1022 v.
1406 978 1460 1022 17
1480 977 1838 1033 adstipuletur
1853 979 2020 1023 Resen
2068 989 2112 1023 v.
2131 977 2190 1022 23
2211 977 2402 1036 potest]

186 1037 403 1094 poBunt
426 1039 592 1083 Resen
652 1048 697 1082 ν.
716 1037 775 1082 29
797 1037 986 1095 poBet]
1007 1037 1182 1092 potest
1209 1039 1374 1082 Resen
1436 1048 1480 1082 v.
1499 1037 1558 1082 30
1584 1038 1679 1093 qui
1704 1039 2003 1082 addidimus
2065 1049 2109 1082 ν.
2130 1037 2188 1082 38
2216 1039 2269 1081 tu
2292 1049 2399 1082 om.

193 1099 373 1142 Resen.

261 1169 307 1212 p.
325 1157 410 1201 198
429 1167 474 1202 ν.
492 1156 546 1201 13
567 1156 840 1201 laboravit
857 1158 1024 1201 Resen
1073 1167 1118 1201 v.
1135 1156 1190 1200 19
1210 1157 1314 1200 boc
1333 1158 1441 1200 toto
1456 1158 1622 1201 Resen
1671 1167 1715 1201 ν.
1729 1156 1782 1200 21
1808 1157 2026 1215 poterit]
2042 1156 2216 1212 potest
2237 1159 2403 1202 Resen

191 1227 235 1261 ν.
253 1217 312 1261 29
333 1216 532 1272 probat
549 1217 728 1261 codd.:
752 1228 889 1261 corr.
913 1217 1040 1260 Friis
1091 1227 1136 1260 v.
1156 1216 1215 1260 35
1238 1216 1463 1274 habere]
1482 1216 1692 1260 babent
1709 1218 1875 1261 Resen
1924 1227 1968 1261 ν.
1987 1216 2047 1261 40
2072 1217 2200 1261 coeli
2219 1219 2399 1261 Resen.

262 1288 308 1331 p.
331 1276 415 1320 199
434 1287 478 1320 ν.
502 1276 557 1320 17
583 1275 895 1334 condidiBe]
922 1275 1166 1320 incidiBe
1193 1277 1360 1320 Resen
1441 1287 1485 1320 v.
1505 1275 1558 1319 21
1590 1276 2005 1331 praetermittam
2035 1278 2202 1321 Resen
2280 1287 2324 1321 ν.
2344 1276 2403 1320 42

191 1335 462 1394 renovari]
482 1335 734 1380 revocari
753 1337 935 1380 Resen.

262 1407 308 1451 p.
327 1395 416 1441 200
435 1406 480 1439 ν.
503 1396 521 1439 1
551 1394 816 1440 Cael'areae
838 1397 1003 1440 Resen
1052 1406 1097 1439 ν.
1116 1396 1144 1439 7
1165 1395 1235 1453 et]
1256 1394 1422 1438 etiam
1445 1396 1611 1441 Resen
1660 1406 1704 1440 ν.
1724 1395 1776 1439 21
1803 1396 2062 1454 optatam]
2083 1397 2399 1450 exoptatam

190 1456 358 1558 §esen
424 1465 469 1499 ν.
489 1454 547 1499 23
572 1454 816 1499 sufficiat
837 1456 1004 1499 Resen
1071 1466 1116 1499 v.
1135 1454 1194 1498 24
1219 1465 1448 1510 quarum
1478 1455 1645 1499 Resen
1711 1465 1756 1500 ν.
1775 1454 1834 1499 35
1860 1466 2023 1510 quam
2053 1457 2218 1500 Resen
2279 1466 2324 1500 v.
2344 1455 2402 1499 37

216 1525 303 1558 um
327 1527 433 1560 om.
457 1516 639 1559 Resen.

262 1597 308 1641 p.
328 1586 410 1630 201
435 1597 480 1630 ν.
499 1586 558 1630 29
584 1586 775 1645 ampli]
796 1586 911 1641 apti
931 1587 1097 1631 Resen
1158 1597 1203 1630 ν.
1222 1585 1280 1630 37
1306 1585 1483 1640 redigi
1502 1585 1682 1644 effeci]
1702 1586 1905 1641 redegi.
1929 1586 2108 1630 Effeci
2126 1587 2307 1631 Resen.

262 1658 308 1701 p.
327 1645 415 1690 202
434 1657 479 1691 ν.
499 1645 647 1691 3-28
674 1646 896 1690 Libros.
917 1679 926 1688 .
947 1679 957 1689 .
974 1645 1084 1690 alia
1112 1657 1218 1690 om.
1243 1646 1426 1706 Lgbk.,
1459 1646 1547 1701 qui
1571 1650 1687 1690 tum
1716 1658 1813 1701 pro
1842 1646 2167 1690 intellexiRe
2197 1647 2402 1701 praebet

191 1705 449 1750 Intellexi
468 1705 595 1750 olim
659 1716 704 1750 ν.
724 1705 890 1760 40—p.
910 1705 999 1749 203
1018 1716 1063 1750 ν.
1082 1705 1134 1749 21
1167 1704 1376 1749 Habui.
1397 1738 1407 1748 .
1426 1738 1436 1748 .
1448 1716 1652 1760 precor
1668 1718 1773 1750 om.
1799 1706 1962 1762 Lgbk.

246 1777 308 1820 p.
328 1764 416 1809 210
435 1777 480 1810 ν.
503 1765 558 1809 12
583 1777 682 1822 pro
702 1765 760 1809 99
780 1765 1122 1810 scribendum
1143 1765 1240 1809 fuit
1259 1764 1331 1808 98.

262 1836 308 1880 p.
328 1824 410 1869 211
437 1836 481 1870 ν.
501 1824 553 1869 31
585 1824 725 1869 mihi
743 1837 811 1869 ex
830 1824 974 1868 meis
995 1837 1132 1869 corr.
1156 1825 1275 1869 cod.

262 1896 309 1940 p.
328 1884 417 1928 212
435 1895 479 1929 ν.
500 1884 552 1928 41
583 1885 815 1928 Belleus
835 1885 977 1929 cod.:
1001 1885 1348 1929 correximus.

262 1956 308 1999 p.
328 1944 417 1988 213
436 1955 480 1989 ν.
504 1944 558 1988 15
584 1944 884 2002 adrogabit]
905 1943 1183 1999 arrogavit
1200 1956 1249 1999 p.
1271 1944 1354 1987 291
1380 1956 1428 1987 v.
1451 1943 1508 1987 37
1528 1944 1770 2001 (melius).
1841 1956 1854 1965 ³

263 2015 309 2059 p.
329 2003 417 2048 214
435 2015 480 2049 ν.
504 2004 560 2047 14
585 2004 731 2059 quod
756 2005 874 2048 cod.
898 2004 951 2047 in
970 2003 1157 2061 marg]
1185 2013 1326 2058 quas
1346 2004 1399 2046 in
1417 2006 1565 2047 textu
1589 2003 1772 2061 (etiam
1793 2003 1942 2058 quali
1960 2004 2012 2047 in
2034 2006 2220 2061 marg.)
2281 2014 2325 2047 v.
2348 2003 2402 2046 16

193 2062 397 2109 Suecia
425 2065 568 2109 cod.:
591 2064 925 2109 correximus
1005 2064 1063 2107 et
1080 2075 1146 2107 ex
1167 2063 1240 2107 ad
1258 2067 1397 2107 corr.
1421 2063 1540 2107 cod.
1625 2074 1669 2107 v.
1693 2063 1747 2106 17
1772 2062 2069 2107 Hollandia
2097 2063 2238 2107 cod.:
2264 2074 2400 2108 corr.

194 2124 334 2168 Friis.

263 2206 310 2250 p.
328 2195 417 2240 216
436 2206 481 2240 ν.
505 2197 521 2239 1
558 2197 801 2239 veneunt
817 2194 1144 2252 scripsimus]
1168 2193 1398 2238 veniunt
1415 2195 1533 2238 cod.

264 2266 309 2310 p.
329 2255 417 2299 226
437 2266 481 2300 ν.
501 2255 559 2299 23
584 2254 802 2299 Dresda
823 2256 876 2298 in
895 2254 1131 2299 Dresdae
1151 2266 1288 2299 corr.
1312 2255 1431 2298 cod.

263 2325 309 2369 p.
329 2314 417 2359 228
437 2326 481 2359 ν.
501 2314 559 2359 27
587 2314 711 2359 mea
726 2314 907 2359 cauBa
921 2314 1249 2372 scripsimus]
1262 2312 1389 2358 mea
1405 2314 1474 2357 de
1489 2312 1670 2358 caussa
1685 2325 1751 2357 ex
1765 2313 1833 2358 ea
1849 2314 1918 2357 de
1933 2312 2113 2358 caussa
2128 2325 2265 2358 corr.
2283 2313 2400 2358 cod.

264 2386 309 2429 p.
329 2374 417 2419 229
442 2385 487 2419 ν.
507 2374 535 2418 2
562 2375 662 2419 ΕΤ
677 2374 775 2418 ER
786 2372 1232 2432 UDITISSIMO]
1254 2372 1715 2428 eruditissimoque
1734 2374 1860 2418 Tab.
1883 2375 1960 2417 Pr.
1985 2374 2114 2418 Mot.
2166 2383 2209 2417 ν.
2231 2372 2259 2415 8
2285 2376 2404 2428 post

193 2433 556 2479 EruditiBime
577 2436 699 2479 add.
718 2434 805 2477 vir
818 2435 943 2482 Tab.
961 2436 1038 2478 Pr.
1056 2434 1186 2479 Mot.
1250 2444 1294 2478 ν.
1319 2433 1373 2477 12
1402 2432 1767 2478 GratiBimum
1789 2434 1915 2477 Tab.
1933 2434 2009 2477 Pr.
2028 2434 2156 2477 Mot.
2220 2443 2265 2476 ν.
2290 2431 2401 2475 14-

197 2494 251 2538 15
275 2493 386 2537 Iive
403 2528 414 2539 .
433 2528 443 2538 .
463 2527 473 2538 .
490 2494 740 2538 daturum
770 2506 876 2539 om.
899 2495 1024 2539 Tab.
1053 2495 1138 2538 Pr.-
1161 2494 1290 2538 Mot.
1408 2504 1453 2538 v.
1478 2493 1638 2547 16—p.
1659 2492 1748 2537 230
1773 2503 1817 2537 ν.
1837 2492 1895 2536 29
1922 2491 2184 2536 Existimo
2200 2524 2210 2535 .
2231 2524 2240 2535 .
2261 2525 2270 2534 .
2288 2502 2403 2535 am-

188 2552 428 2609 plificari
446 2566 553 2598 om.
568 2554 694 2598 Tab.
717 2555 794 2599 Pr.
818 2555 948 2598 Mot.

264 2637 310 2680 p.
329 2625 412 2669 231
437 2636 482 2670 ν.
505 2626 559 2669 12
586 2630 709 2671 ante
734 2625 981 2671 Cael'area
1004 2626 1125 2669 add.
1150 2624 1323 2670 Sacra
1343 2626 1468 2669 Tab.
1490 2626 1566 2668 Pr.
1591 2624 1719 2668 Mot.

264 2696 310 2739 p.
330 2685 417 2729 232
436 2696 481 2730 ν.
504 2686 523 2729 1
555 2684 760 2744 ansam]
787 2685 1006 2729 abunde
1025 2686 1152 2729 Tab.
1174 2686 1251 2728 Pr.
1275 2685 1404 2729 Mot.
1499 2695 1542 2728 ν.
1562 2683 1591 2728 3
1618 2687 1740 2727 ante
1763 2683 2008 2726 veterum
2037 2683 2158 2726 add.
2181 2693 2256 2725 ex
2274 2682 2399 2725 Tab.

193 2746 270 2789 Pr.
294 2746 422 2789 Mot.
474 2756 519 2790 v.
538 2745 656 2790 8—9
681 2746 1128 2801 subscriptionem
1150 2756 1256 2788 om.
1280 2745 1421 2788 cod.:
1445 2744 1746 2787 addidimus
1767 2754 1796 2786 e
1815 2743 1940 2786 Tab.
1962 2743 2039 2785 Pr.
2064 2742 2192 2785 Mot.

264 2815 309 2859 p.
330 2804 418 2848 250
437 2815 482 2849 ν.
505 2805 560 2848 12
584 2804 895 2850 IOANNIS
914 2802 1314 2848 FRANCISCI
1331 2801 1666 2849 SAGREDI
1680 2803 1895 2847 Tab.Pr.
1910 2801 2058 2858 Mot.]
2080 2801 2117 2844 Ι.
2131 2800 2188 2843 F.
2205 2800 2261 2845 S.
2282 2801 2399 2844 cod.

194 2875 238 2908 ν.
257 2864 316 2907 32
342 2863 695 2909 obsidentium
719 2863 1137 2909 ex·oindentem
1162 2875 1299 2908 corr.
1322 2864 1441 2907 cod.

264 2935 311 2978 p.
330 2923 418 2968 252
437 2935 481 2969 ν.
501 2924 559 2968 39
586 2924 905 2982 Lunarium]
926 2923 1276 2967 luminarium
1298 2923 1425 2967 Tab.
1447 2923 1523 2966 Pr.
1547 2922 1676 2966 Mot.

265 2994 311 3037 p.
331 2982 419 3028 253
437 2994 482 3028 v.
502 2983 531 3028 5
555 2982 708 3042 subit]
737 2983 858 3028 tulit
880 2985 1109 3028 fortasse
1136 2983 1254 3027 cod.
1348 2994 1392 3026 ν.
1413 2981 1579 3035 34—p.
1598 2980 1687 3024 254
1713 2992 1756 3025 ν.
1776 2980 1835 3023 20
1861 2992 1968 3024 om.
1992 2980 2132 3023 cod.:
2162 2979 2402 3034 praebent

194 3044 325 3087 solae
344 3044 470 3088 Tab.
493 3045 570 3087 Pr.
594 3045 723 3089 Mot.
788 3055 832 3088 ν.
852 3043 910 3088 35
936 3042 1188 3098 evulgari
1205 3043 1330 3086 Tab.
1353 3043 1429 3085 Pr.
1454 3042 1607 3085 Mot.:
1630 3052 1767 3084 corr.
1791 3040 2011 3083 Favaro.

265 3113 311 3157 p.
330 3102 419 3147 254
438 3114 482 3147 ν.
505 3103 559 3147 12
588 3102 802 3147 tuismet
819 3103 1146 3160 scripsimus]
1169 3101 1365 3156 tuipset
1379 3102 1505 3146 Tab.
1528 3102 1604 3144 Pr.
1628 3100 1756 3144 Mot.

265 3173 312 3216 p.
331 3162 420 3207 255
439 3173 483 3207 ν.
506 3163 555 3207 11
585 3163 759 3207 lateat
775 3164 917 3207 cod.:
941 3162 1290 3207 correximus

266 3232 312 3276 p.
331 3221 420 3266 262
438 3233 483 3267 ν.
506 3222 561 3266 18
587 3233 727 3278 quas
749 3224 889 3267 cod.:
913 3222 1261 3267 correximus.

266 3292 312 3335 p.
332 3281 420 3325 263
439 3293 484 3327 ν.
503 3281 532 3326 4
557 3280 722 3335 ἀτοπή
731 3295 884 3336 ματος
903 3283 1046 3327 cod.:
1070 3281 1418 3326 correximus.

266 3352 312 3395 p.
332 3341 420 3385 267
440 3353 483 3386 ν.
504 3342 533 3385 5
560 3343 896 3386 voluntatem
918 3340 1244 3398 scripsimus]
1267 3339 1601 3394 voluptatem
1625 3339 1744 3382 cod.
1766 3340 1823 3380 ut
1842 3337 2065 3380 videtur.

266 3411 313 3454 p.
331 3400 420 3445 270
438 3411 483 3446 ν.
507 3401 562 3445 12
588 3401 1101 3446 observandissimus
1121 3400 1263 3444 cod.:
1286 3398 1633 3443 correximus.
