2684 4264
197 532 591 589 PRAEFATIO
625 530 1065 585 SOCIETATIS
1080 531 1438 667 ILINGUleiE
1471 531 1570 584 ET
1602 532 2122 586 LITTERARUM

897 614 1076 667 DAN
1109 615 1330 668 CARU
1408 656 1420 667 .

340 733 446 778 UM
461 734 708 777 ultimum
721 730 1066 774 TYCHONIS
1084 730 1303 774 BRAHE
1320 731 1646 786 scriptorum
1661 735 1873 776 tomum
1889 733 1942 775 in
1958 732 2123 788 publi-

359 815 485 848 cum
511 803 817 855 emittimus,
846 814 953 858 quo
980 802 1177 846 emisso
1203 802 1364 847 totius
1391 802 1633 847 editionis
1658 803 1744 848 ille
1769 807 1951 848 tomus
1975 806 2122 849 solus

197 876 429 931 reliquus
449 875 562 928 erit,
585 875 675 930 qui
694 874 946 930 epistolas
966 876 1018 918 et
1038 876 1161 918 acta
1179 874 1248 918 ad
1261 874 1605 918 TYCHONIS
1617 875 1788 920 vitam
1807 876 2124 932 pertinentia

198 951 250 992 et
266 947 497 991 indicem
516 958 698 991 rerum
719 945 1024 998 continebit,
1046 957 1207 1002 grave
1222 945 1462 990 officium
1476 947 1630 991 nobis
1643 949 2011 1003 praestandum
2025 951 2120 1001 est,

197 1022 255 1063 ut
284 1022 471 1063 notum
503 1018 782 1069 faciamus,
823 1020 1104 1061 auctorem
1135 1017 1377 1061 editionis
1409 1017 1777 1074 editoremque
1808 1019 2120 1075 principem,

198 1090 289 1134 Dr.
306 1090 343 1133 1.
358 1090 415 1133 L.
430 1091 482 1133 E.
500 1089 886 1142 DREYERUM,
903 1089 952 1132 d.
974 1089 1028 1132 14
1041 1101 1112 1132 m.
1129 1089 1454 1144 Septembris
1470 1102 1516 1134 a.
1538 1090 1651 1134 1926
1665 1094 1896 1135 mortem
1911 1091 2119 1136 obiisse.

269 1161 370 1214 Qui
390 1173 515 1206 cum
534 1173 630 1216 per
650 1172 821 1205 annos
840 1172 995 1215 paene
1015 1159 1194 1216 viginti
1214 1160 1268 1203 in
1287 1161 1391 1204 hac
1412 1161 1641 1206 editione
1657 1174 1881 1218 operam
1895 1164 2124 1207 colloca-

197 1233 373 1285 visset,
395 1233 539 1288 quod
557 1232 892 1288 praecipuum
903 1232 1030 1275 vitae
1050 1243 1165 1275 suae
1183 1243 1318 1287 opus
1336 1232 1588 1285 habebat,
1608 1245 1778 1289 usque
1794 1235 1862 1278 ad
1875 1234 2124 1279 ultimum

197 1304 322 1348 vitae
340 1307 551 1360 tempus
572 1315 795 1360 operam
815 1306 1029 1347 strenue
1043 1303 1387 1348 continuavit.
1410 1303 1747 1359 Quicumque
1761 1306 1996 1350 studium
2010 1307 2122 1362 eJus

198 1375 462 1420 fervidum
479 1379 532 1420 et
546 1375 786 1431 vigorem
805 1375 1081 1428 invictum,
1104 1375 1294 1430 quibus
1313 1375 1549 1419 imbutus
1568 1379 1699 1429 erat,
1722 1389 1948 1432 quaeque
1968 1377 2125 1422 facie-

198 1448 342 1501 bant,
368 1450 427 1491 ut
453 1447 617 1491 etiam
643 1447 837 1491 morbo
864 1447 1012 1503 gravi
1038 1458 1324 1502 oppressus
1350 1458 1574 1502 operam
1599 1448 1927 1493 luculentam
1949 1450 2003 1493 in
2022 1449 2126 1494 edi-

198 1520 399 1564 tionem
430 1519 675 1564 conferre
704 1521 901 1574 posset,
934 1518 1199 1574 cognovit,
1232 1518 1554 1575 singularem
1586 1519 1727 1564 hanc
1756 1521 2125 1565 strenuitatem

199 1603 305 1636 non
331 1591 502 1647 potuit
520 1602 630 1635 non
649 1589 906 1634 admirari
926 1593 978 1634 et
996 1589 1257 1634 venerari.
1286 1589 1405 1634 Hoc
1426 1602 1557 1635 vero
1579 1591 1884 1637 DREYERO
1906 1593 2127 1637 feliciter

199 1663 429 1719 contigit,
450 1666 508 1706 ut
527 1662 965 1707 observationum
978 1661 1322 1705 TYCHONIS
1342 1662 1630 1707 editionem
1646 1666 1768 1707 ante
1783 1664 1989 1708 obitum
2004 1676 2126 1709 con-

198 1734 397 1779 fectam
425 1734 644 1787 videret,
677 1746 777 1778 nec
806 1733 998 1786 minus,
1031 1736 1104 1786 ut,
1136 1745 1263 1778 cum
1292 1745 1373 1787 ea,
1405 1746 1526 1789 quae
1555 1735 1845 1789 restabant,
1880 1736 2123 1780 IOANNI

199 1806 508 1859 RAEDERO,
530 1806 619 1862 qui
638 1806 706 1850 ab
727 1805 874 1850 initio
896 1805 1071 1861 operis
1091 1804 1270 1849 socius
1289 1805 1464 1849 fuerat
1483 1809 1535 1850 et
1555 1806 1837 1850 DREYERI
1856 1808 2125 1852 rationum

199 1879 397 1934 optime
422 1890 617 1934 gnarus
643 1881 774 1930 erat,
800 1876 941 1921 tradi
964 1880 1197 1932 possent,
1224 1880 1396 1921 totam
1417 1877 1705 1922 editionem
1724 1880 2021 1924 secundum
2041 1892 2122 1923 ra-

196 1950 366 1995 tiones
386 1949 688 2006 propositas
707 1949 1016 1993 confectum
1035 1948 1099 1992 iri
1118 1952 1267 1994 certo
1288 1949 1560 1994 confidere
1581 1950 1629 1994 ei
1649 1950 1848 1995 liceret.

270 2022 426 2066 Hunc
451 2022 606 2078 igitur
629 2025 841 2066 tomum
866 2021 1101 2065 rationes
1120 2023 1335 2065 secutus
1355 2034 1388 2065 a
1408 2021 1715 2066 DREYERO
1736 2023 2000 2067 institutas
2021 2023 2124 2067 ela-

199 2094 409 2138 boravit
422 2093 718 2138 IOANNES
734 2093 993 2137 RAEDER.
1016 2093 1167 2137 Idem
1187 2094 1332 2138 solus
1354 2097 1544 2138 auctor
1564 2097 1644 2138 est
1656 2094 1942 2139 Variarum
1957 2094 2126 2150 Scrip-

197 2168 440 2210 turarum
469 2169 522 2210 et
548 2166 969 2210 Annotationum
998 2165 1273 2210 Editorum
1305 2168 1358 2209 et
1388 2166 1582 2210 Indicis
1612 2166 1923 2211 Hominum.
1959 2167 2124 2211 Index

198 2249 399 2282 vocum
418 2237 749 2282 Danicarum
767 2238 843 2282 ita
862 2237 1194 2294 compositus
1219 2240 1314 2291 est,
1341 2240 1399 2282 ut
1418 2249 1583 2283 voces
1603 2250 1896 2294 earumque
1920 2238 2126 2283 formas

200 2311 252 2353 et
264 2310 429 2363 locos,
447 2309 539 2354 ubi
554 2309 904 2365 reperiuntur,
920 2309 973 2353 in
986 2309 1198 2354 schedis
1212 2310 1551 2366 exscripserit
1564 2311 1798 2355 ERICUS
1814 2310 2123 2363 KROMAN,

200 2381 354 2425 cand.
369 2394 526 2438 mag„
547 2381 1008 2437 interpretationes
1029 2382 1248 2426 Latinas
1268 2381 1530 2426 addiderit
1550 2381 1846 2426 IOANNES
1863 2382 2122 2426 RAEDER.

200 2453 397 2497 Eorum
424 2455 621 2506 autem,
652 2465 774 2508 quae
803 2453 856 2497 in
883 2453 1044 2498 tomis
1074 2453 1229 2497 I—IX
1258 2453 1505 2498 addenda
1534 2457 1587 2498 et
1615 2454 1928 2510 corrigenda
1958 2456 2126 2506 erant,

201 2526 463 2581 majorem
482 2527 692 2580 partem
711 2525 966 2569 indicavit
985 2526 1023 2570 Ι.
1040 2525 1099 2570 L.
1116 2526 1169 2569 E.
1187 2525 1461 2569 DREYER.

344 2663 570 2700 HAUNIAE,
591 2663 678 2694 DIE
700 2663 714 2693 1
739 2662 927 2694 MENSIS
948 2662 1254 2694 SEPTEMBRIS
1274 2663 1401 2694 ANNI
1423 2662 1692 2695 MCMXXVH.
