2730 4264
797 302 919 355 AD
946 301 1279 356 TOMUM
1305 300 1661 355 PRIMUM
2229 301 2333 354 223

128 456 172 490 v.
185 444 243 489 22
257 442 347 503 est]
361 442 468 487 sitP
509 453 555 488 v.
568 442 627 487 24
639 441 924 500 rationem]
939 442 1336 486 revolutionem
1353 442 1400 485 D
1444 451 1489 486 v.
1502 440 1680 485 24—32
1696 439 1796 484 nisi
1809 474 1821 486 .
1840 474 1850 484 .
1870 475 1880 485 .
1897 440 2335 485 circumducere-

131 507 218 549 tur
233 515 338 548 om.
361 504 408 547 D
457 513 502 547 v.
520 502 580 547 25
597 501 673 560 28]
693 501 752 545 36
770 503 804 545 Ρ
859 512 904 546 ν.
923 501 982 545 26
1004 502 1063 545 vt
1077 501 1236 556 supra
1258 500 1464 545 ostendi
1484 513 1589 545 om.
1612 502 1646 544 P
1701 511 1745 545 ν.
1765 500 1823 545 33
1844 500 2009 559 orbis]
2031 500 2282 555 spnaerae
2302 502 2336 544 P

128 575 172 609 v.
191 562 369 607 33—34
390 563 537 606 tanto
553 595 563 606 .
583 595 593 605 .
613 559 888 619 ‚intuentJ'J
909 560 1092 615 spacio
1112 562 1341 605 duorum
1363 559 1626 604 mensium
1650 559 1945 614 diligenter
1961 559 2269 604 obseruanti
2288 561 2334 603 D

128 634 173 668 ν.
198 622 251 666 41
281 621 381 665 nisi
404 634 471 666 ex
496 620 636 664 mihi
659 632 797 665 corr.
825 621 872 664 D
983 620 1332 678 Albategnio]
1358 619 1734 664 Albumazare
1761 620 1808 663 D
1836 632 1979 664 man.
2006 631 2135 664 sec.:
2163 619 2336 663 Albu-

129 680 361 726 masl'are
380 683 415 725 P
475 691 519 725 ν.
538 679 597 724 42
616 679 672 723 in
693 680 955 735 posterius
976 680 1075 723 del.
1099 680 1167 723 D:
1192 692 1298 723 om.
1321 681 1370 723 P.

198 752 245 796 p.
263 739 322 784 28
341 751 386 784 ν.
405 739 715 784 4-omnibus
739 740 838 783 del.
861 740 930 783 D:
954 750 1060 783 om.
1082 740 1116 782 P
1183 750 1226 783 v.
1247 738 1275 782 8
1300 743 1421 794 post
1448 740 1558 783 tum
1588 739 1708 783 add.
1724 740 2018 793 propterea
2040 739 2103 792 D,
2132 740 2226 783 sed
2252 740 2337 783 de-

129 801 253 845 levit
354 804 475 844 ante
498 800 645 843 tanto
666 799 786 842 add.
809 798 865 842 in
887 799 951 850 D,
973 799 1068 842 sed
1089 799 1282 842 delevit
1342 809 1387 842 ν.
1411 797 1465 841 10
1485 797 1566 856 hi]
1587 798 1677 842 12ae
1698 799 1762 852 D,
1783 800 1878 843 sed
1892 799 2124 843 correxit
2214 809 2259 843 v.
2282 799 2336 842 12

129 863 249 916 post
263 857 492 914 politum
516 859 634 903 add.
651 857 815 902 Adde
836 858 982 912 quod
999 857 1061 900 hi
1079 857 1234 915 [corr.
1251 870 1317 902 ex
1337 858 1443 915 hae]
1463 857 1646 901 indies
1666 859 1968 913 alterentur
1983 857 2336 913 crescantque

133 920 222 963 vel
246 918 567 962 decrescant
588 918 733 972 quod
758 917 814 960 in
840 917 948 961 hac
973 918 1137 961 stella
1163 916 1286 960 sieri
1307 915 1574 961 hactenus
1597 919 1742 962 tanto
1765 917 2028 973 temporis
2046 918 2337 962 interuallo

129 988 237 1022 non
266 976 655 1033 conspeximus
684 978 748 1029 D,
779 978 874 1021 sed
903 977 1096 1021 delevit
1172 987 1216 1020 ν.
1250 976 1304 1020 14
1332 977 1628 1035 lucentem]
1661 988 1846 1021 veram
1878 979 1936 1021 et
1960 978 2256 1032 genuinam
2289 978 2335 1021 D

129 1048 174 1082 ν.
196 1037 251 1082 18
277 1037 760 1093 demonstrataque
787 1049 893 1080 orn.
920 1037 966 1079 D
1028 1047 1073 1080 v.
1093 1036 1152 1080 26
1176 1038 1430 1079 lucentes
1456 1037 1509 1080 in
1534 1037 1721 1080 lucere
1748 1049 1885 1081 corr.
1915 1037 1961 1080 D
1989 1050 2131 1081 man.
2161 1050 2257 1093 pr„
2286 1041 2338 1082 et

129 1097 205 1142 sic
219 1098 253 1140 P
294 1107 339 1141 v.
359 1096 417 1141 28
437 1096 596 1154 adeo]
614 1096 670 1139 in
689 1096 895 1139 tantum
913 1097 976 1148 D,
998 1096 1093 1140 sed
1108 1097 1340 1140 correxit
1382 1106 1427 1140 ν.
1447 1095 1624 1140 31-32
1645 1096 2021 1151 magnitudine
2043 1097 2336 1155 excedere]

133 1156 354 1200 vincere
375 1156 421 1199 D
483 1166 528 1199 ν.
549 1155 715 1210 35—p.
736 1155 794 1199 29
814 1166 858 1200 ν.
882 1155 936 1199 15
961 1155 1085 1199 Non
1116 1156 1298 1199 tamen
1322 1189 1331 1199 .
1352 1188 1361 1199 .
1380 1188 1391 1198 .
1414 1155 1656 1214 honoris]
1682 1155 2024 1199 Diametrum
2051 1158 2234 1200 autem
2256 1155 2338 1211 ip-

129 1215 238 1260 sius
254 1214 515 1259 visibilem
535 1215 803 1259 diametro
816 1214 967 1259 Iouis
985 1213 1101 1258 fere
1121 1216 1393 1269 aequalem
1417 1214 1522 1258 es3e
1545 1214 1691 1259 oculi
1709 1214 2125 1260 consideratoris
2147 1215 2339 1260 testan-

133 1277 229 1320 tur.
257 1275 330 1318 Et
350 1275 513 1329 longe
541 1274 685 1318 hanc
708 1275 927 1318 stellam
949 1274 1215 1318 maiorem
1237 1285 1506 1329 apparere
1527 1274 1727 1329 quauis
1746 1274 1860 1318 lixa
1881 1275 2037 1333 [corr.
2061 1287 2128 1320 ex
2148 1286 2338 1330 quam-

133 1333 219 1379 uis
237 1333 387 1392 fixae]
408 1334 574 1378 etiam
595 1334 740 1378 inter
753 1334 1050 1387 maximas,
1078 1344 1219 1389 quas
1240 1333 1438 1388 primae
1460 1336 1755 1378 numerant
1775 1334 2188 1389 magnitudinis,
2218 1334 2338 1378 dili-

130 1394 325 1450 genter
339 1394 573 1437 intuenti
588 1392 929 1438 manifestum
946 1394 1062 1437 erit.
1081 1393 1235 1437 Vnde
1250 1392 1416 1438 etiam
1433 1404 1540 1447 quo
1555 1394 1626 1437 ad
1643 1405 1831 1437 verum
1848 1394 2174 1438 diametrum
2190 1393 2338 1438 fixas

131 1463 438 1508 exuperare
457 1452 657 1497 iudico.
684 1452 930 1508 Cumque
943 1451 1000 1496 in
1016 1453 1213 1497 eodem
1230 1452 1360 1497 orbe
1374 1463 1500 1496 cum
1516 1452 1660 1508 ipsis,
1688 1454 1745 1497 vt
1759 1454 1922 1498 antea
1937 1454 2339 1498 demonstravi-

130 1523 273 1566 muS,
300 1511 676 1566 constituatur,
707 1512 1156 1567 tantumdemque
1181 1523 1214 1556 a
1243 1513 1383 1556 terra
1410 1514 1772 1567 remoueatur,
1802 1512 1981 1558 maior
2001 1513 2106 1557 erit
2124 1515 2338 1557 terrena

131 1572 292 1626 mole,
322 1582 484 1627 quam
510 1571 773 1616 maximae
793 1574 851 1616 et
861 1571 1031 1627 primi
1049 1572 1276 1616 honoris
1295 1571 1483 1616 affixae
1502 1571 1685 1626 ltellae,
1712 1573 1856 1616 vnde
1876 1572 1917 1616 si
1934 1573 2024 1618 12ae
2042 1573 2197 1617 iuxta
2218 1573 2338 1617 Ma-

134 1631 461 1676 thematicos
483 1632 679 1675 terram
699 1631 913 1675 centies
928 1631 1222 1686 quinquies
1237 1632 1559 1686 exuperant,
1581 1632 1685 1676 erit
1696 1632 1861 1676 etiam
1879 1632 2001 1676 haec
2015 1643 2159 1676 noua
2174 1634 2337 1677 stella

127 1692 260 1747 plus
279 1690 532 1735 centenis
553 1690 769 1735 vicibus
788 1691 966 1735 maior
984 1692 1091 1735 tota
1112 1692 1274 1744 mole,
1297 1701 1460 1745 quam
1486 1691 1643 1736 terrae
1663 1694 1720 1735 et
1735 1691 1909 1736 maria
1931 1691 2180 1736 efficiunt
2196 1693 2259 1736 D.

202 1761 249 1804 p.
268 1750 326 1794 29
345 1760 391 1795 ν.
410 1750 439 1794 3
464 1750 752 1794 imminuta
779 1750 871 1808 est]
898 1749 1147 1794 decreuit
1168 1752 1202 1794 P
1275 1761 1320 1795 ν.
1344 1750 1398 1794 16
1424 1751 1624 1809 stellae]
1651 1751 1780 1794 huic
1807 1752 1987 1796 stellae
2014 1753 2060 1795 D
2134 1762 2179 1797 ν.
2203 1752 2257 1795 17
2283 1752 2338 1795 in

132 1809 286 1854 initio
306 1822 413 1855 om.
437 1810 483 1853 D
545 1821 590 1854 ν.
604 1810 668 1859 >18
687 1811 946 1854 cernatur
962 1811 1008 1853 D
1071 1821 1116 1854 ν.
1135 1809 1194 1854 26
1213 1809 1372 1864 supra
1395 1810 1441 1853 D
1497 1820 1541 1854 v.
1561 1810 1619 1854 27
1639 1810 2114 1866 circumgyrentur
2128 1813 2162 1854 P
2217 1822 2261 1855 ν.
2281 1811 2339 1855 29

135 1880 265 1914 vero
290 1870 390 1913 del,
412 1870 481 1913 D:
504 1881 611 1914 om.
633 1871 668 1913 P
737 1880 782 1914 ν.
802 1869 980 1914 29-30
1005 1879 1114 1913 non
1140 1868 1360 1924 semper
1376 1902 1386 1913 .
1406 1903 1415 1913 .
1436 1903 1445 1913 .
1466 1869 1577 1927 sed]
1605 1870 1701 1914 etsi
1723 1870 1775 1913 is
1802 1871 1848 1914 D
1919 1881 1963 1915 ν.
1983 1870 2035 1915 31
2063 1870 2338 1925 progreBu

133 1929 335 1987 autem]
358 1930 540 1973 tamen
555 1928 832 1984 progreBu
855 1930 902 1973 D
946 1939 991 1973 v.
1011 1928 1070 1973 32
1090 1932 1211 1984 post
1231 1930 1593 1983 degenerauit
1609 1930 1729 1973 add.
1749 1930 1893 1973 Vnde
1911 1930 2076 1974 etiam
2098 1930 2167 1974 ab
2188 1930 2341 1974 initio

127 1991 356 2043 propter
379 1987 625 2032 diffusius
651 1990 840 2032 lumen
870 1990 1034 2032 stella
1066 1989 1189 2033 haec
1222 1989 1569 2043 quodamodo
1600 1989 1780 2033 maior
1806 2000 2074 2044 apparere
2107 1989 2217 2034 visa
2249 1989 2338 2033 est.

132 2047 294 2092 Nunc
318 2047 487 2103 igitur
506 2049 670 2092 stella
696 2048 769 2092 ad
794 2047 1200 2092 consistentiam
1228 2048 1457 2091 luminis
1476 2047 1738 2103 perducta
1766 2048 1891 2092 eius
1916 2049 2071 2093 color
2091 2051 2117 2108 (
2120 2051 2178 2093 vt
2201 2049 2343 2107 dixi)

132 2106 460 2152 subrutilans
480 2107 723 2152 cernitur
738 2109 784 2152 D
847 2118 892 2152 ν.
912 2107 971 2152 33
995 2107 1244 2166 rubescit]
1267 2107 1564 2151 rubescens
1585 2109 1631 2151 D
1693 2119 1737 2152 v.
1759 2108 1817 2152 34
1842 2108 2074 2153 rutilans
2099 2107 2216 2167 fuit]
2254 2120 2343 2152 ru-

137 2166 252 2210 tilat
277 2168 324 2211 D
425 2167 905 2226 quemadmodum]
934 2169 994 2211 vt
1017 2168 1064 2211 D
1135 2178 1180 2212 ν.
1199 2167 1378 2212 34-35
1404 2168 1476 2211 ad
1502 2168 1760 2226 colorem]
1789 2168 1959 2212 colori
1984 2169 2030 2212 D
2102 2179 2147 2213 ν.
2166 2168 2224 2212 35
2250 2179 2343 2212 ac-

135 2224 284 2271 cedit
306 2227 352 2270 D
431 2237 476 2271 ν.
496 2226 662 2281 35-ρ.
681 2227 740 2271 30
764 2238 810 2271 ν.
829 2227 858 2271 8
882 2226 1045 2271 Nunc
1068 2260 1078 2270 .
1099 2260 1108 2271 .
1128 2260 1138 2271 .
1161 2226 1536 2285 consequatur]
1566 2227 1710 2271 vnde
1736 2227 1964 2271 similem
1993 2238 2117 2272 cum
2150 2227 2342 2272 Martis

134 2284 306 2329 sidere
325 2287 562 2330 colorem
586 2288 643 2331 et
659 2285 930 2342 aspectum
953 2286 1197 2331 obtinere
1211 2286 1410 2330 iudico,
1431 2286 1615 2342 Atque
1629 2285 1896 2331 hacflenus
1908 2286 2339 2331 Astronomicam

134 2343 302 2389 huius
326 2346 506 2391 stellae
532 2346 1018 2391 considerationem
1046 2346 1407 2400 absoluimus;
1430 2357 1577 2390 nunc
1597 2347 1670 2390 ad
1687 2345 2081 2402 Astrologicam
2109 2347 2342 2391 acceda-
2388 2343 2392 2347 ’

135 2415 262 2449 mus
282 2405 329 2449 D
390 2415 436 2450 v.
454 2405 631 2450 38—39
653 2407 712 2450 ut
727 2405 838 2450 iam
860 2406 1107 2451 diximus
1126 2407 1174 2451 P.

205 2475 252 2519 p.
271 2464 330 2509 30
348 2474 393 2509 ν.
416 2464 471 2508 12
489 2464 710 2520 superat
727 2466 773 2509 D
865 2464 941 2524 sit]
963 2465 1039 2510 elt
1058 2467 1120 2510 D.

206 2535 253 2578 p.
272 2523 324 2568 31
349 2534 394 2569 ν.
413 2523 555 2568 3-21
581 2524 865 2569 mirabiles
882 2559 892 2570 .
908 2559 919 2569 .
936 2559 946 2569 .
962 2526 1144 2570 motus
1161 2537 1268 2570 om.
1286 2526 1332 2569 D
1395 2536 1439 2570 ν.
1453 2525 1511 2569 26
1529 2525 1714 2569 iudico
1728 2526 1898 2569 add.T
1909 2539 1918 2569 :
1936 2526 2142 2570 om.ED
2199 2536 2343 2580 prae-

135 2581 333 2641 sertim]
367 2585 477 2627 tum
506 2584 807 2640 praesertim
841 2585 906 2638 D,
940 2586 1035 2630 sed
1068 2585 1300 2630 correxit
1377 2596 1422 2630 ν.
1453 2584 1512 2629 30
1543 2585 1752 2628 claudit
1781 2588 1903 2629 ante
1936 2584 2029 2639 qui
2058 2586 2263 2640 praebet
2295 2586 2341 2628 D

137 2655 280 2688 man.
301 2655 379 2698 pr.

206 2713 253 2756 p.
277 2701 337 2746 32
361 2712 406 2747 ν.
425 2702 567 2747 3-11
602 2703 858 2758 quoniam
884 2737 895 2748 .
914 2737 924 2748 .
944 2737 954 2748 .
977 2703 1172 2763 influit]
1201 2703 1368 2748 Marti
1394 2703 1566 2747 limile
1597 2703 1728 2758 quid
1755 2714 1863 2747 non
1895 2702 2116 2747 obscure
2140 2714 2260 2758 prae
2287 2702 2342 2746 se

136 2759 254 2805 sert.
283 2761 428 2806 Nam
450 2763 687 2806 colorem
711 2764 769 2807 et
783 2764 971 2807 lumen
993 2763 1236 2808 rutilanti
1255 2762 1525 2807 Mauortis
1545 2762 1711 2807 stellae
1730 2762 2059 2806 simillimum
2083 2762 2262 2816 habet,
2287 2763 2347 2806 vt

137 2819 294 2876 supra
317 2821 538 2866 testatus
556 2821 688 2866 sum.
719 2821 1066 2881 Quapropter
1081 2823 1241 2877 hanc,
1268 2823 1465 2867 eadem
1488 2821 1653 2865 etiam
1677 2833 1751 2866 ex
1766 2822 1988 2877 propria
2008 2824 2202 2866 natura
2217 2832 2344 2876 por-

140 2880 378 2935 tendere,
417 2892 541 2936 quae
572 2881 830 2926 Martium
870 2882 1018 2927 sidus
1056 2884 1262 2927 mundo
1295 2881 1655 2938 peculiariter
1683 2881 1876 2935 influit,
1913 2880 2340 2924 verisimilimum

139 2940 228 2983 est
250 2940 296 2983 D
357 2950 403 2984 v.
426 2941 482 2985 10
509 2941 751 2985 minatur
772 2943 893 2987 add.
914 2943 974 2987 T:
999 2953 1105 2987 om.
1128 2944 1166 2986 E
1233 2953 1277 2986 v.
1301 2942 1350 2986 11
1379 2941 1745 2996 peculiarirer
1766 2942 1823 2984 E:
1846 2942 2177 2985 correximus
2270 2940 2342 2998 vt]

139 2998 323 3053 qualia
352 3000 398 3043 D
473 3011 517 3045 ν.
549 3001 723 3045 16-17
751 3001 813 3045 In
842 3000 954 3045 fine
978 3035 988 3045 .
1009 3036 1018 3046 .
1037 3036 1048 3047 .
1071 3001 1292 3046 funesta
1323 3013 1429 3046 om.
1462 3002 1508 3044 D
1583 3012 1628 3045 v.
1656 3000 1834 3044 25-30
1860 3000 2038 3044 Nobis
2061 3032 2071 3043 .
2090 3033 2100 3043 .
2120 3033 2129 3043 .
2153 3000 2348 3054 opinor

141 3069 247 3103 om.
270 3060 316 3102 D
378 3070 423 3104 v.
442 3059 501 3104 33
521 3060 776 3104 obtinens
796 3062 859 3106 D.

209 3128 256 3172 p.
283 3118 342 3162 33
370 3119 599 3175 figuram
635 3121 840 3176 praebet
870 3122 907 3164 E
932 3121 986 3165 in
1012 3121 1102 3166 fol.
1132 3122 1193 3164 Er
1301 3120 1354 3163 in
1383 3120 1551 3175 figura
1581 3131 1677 3175 pro
1707 3119 1942 3163 numeris
1973 3118 2113 3172 192,2⁴
2140 3119 2344 3174 praebet

138 3175 280 3295 2921?
289 3178 364 3280 113,
393 3179 482 3234 qui
501 3180 663 3223 etiam
682 3181 818 3225 inter
839 3180 979 3234 156,³⁶
998 3185 1050 3225 et
1073 3179 1213 3233 130,ae
1230 3180 1411 3224 inserit
1433 3179 1575 3232 156,³,
1604 3181 1657 3222 et
1681 3179 1733 3222 in
1760 3179 1948 3222 dextra
1970 3182 2121 3233 parte
2140 3179 2344 3233 praebet

210 3307 257 3350 p.
276 3295 336 3340 34
354 3308 399 3341 ν.
422 3297 440 3340 1
466 3301 588 3352 post
606 3297 902 3343 constituta
924 3299 1045 3343 add.
1067 3298 1143 3342 eit
1162 3299 1226 3351 D,
1247 3298 1343 3342 sed
1362 3297 1555 3341 delevit
1615 3307 1660 3341 v.
1683 3297 1738 3340 15
1758 3295 1833 3340 est
1852 3308 1958 3340 om.
1982 3297 2029 3340 D
2085 3307 2129 3341 ν.
2149 3295 2209 3340 20
2227 3306 2345 3340 cor-

140 3352 410 3409 ripiuntur
434 3357 480 3400 D
551 3368 596 3402 v.
615 3357 675 3402 25
702 3362 825 3414 post
846 3357 1120 3413 plurimos
1149 3359 1270 3401 add.
1293 3367 1471 3401 annos
1492 3357 1555 3409 D,
1585 3357 1679 3400 sed
1710 3357 1903 3400 delevit
1971 3367 2016 3400 ν.
2044 3355 2102 3399 26
2125 3355 2344 3413 praeter]
