2730 4264
405 334 507 384 302
1082 330 1361 382 VARIAE
1387 329 1880 382 SCRIPTURAE

474 483 516 523 p.
539 469 622 512 199
640 483 680 511 ν.
705 469 758 511 12
783 468 890 511 alio
910 468 1140 521 quodam
1161 466 1302 522 Friis]
1322 465 1529 519 integro
1548 466 1664 509 cod.
1714 479 1756 508 v.
1774 466 1827 509 18
1846 467 2154 521 acronycho
2173 467 2313 524 Friis]
2333 478 2559 523 acrony-

404 528 528 570 chio
548 528 663 571 cod.
714 541 755 569 v.
779 527 831 568 19
857 526 1129 578 aliquanto
1149 524 1289 580 Friis]
1310 536 1414 567 om.
1435 524 1551 567 cod.
1602 537 1643 566 v.
1663 523 1837 567 25-26
1861 523 2220 578 superioribus
2240 526 2399 568 annis
2419 526 2558 594 Friis]

403 585 659 639 superiori
682 595 801 628 aevo
827 585 941 627 cod.
1039 597 1079 626 v.
1100 582 1157 625 26
1182 593 1280 624 ex
1327 583 1651 624 mutuatam
1678 582 1817 639 Friis]
1844 594 1948 625 om.
1971 584 2087 626 cod.
2178 597 2220 625 v.
2240 583 2298 626 28
2322 583 2391 626 sic
2418 584 2559 651 Friis]

404 644 529 685 hinc
551 644 665 686 cod
723 656 763 684 v.
783 642 839 684 32
863 640 1177 683 sexennium
1201 640 1340 696 Friis]
1361 640 1782 693 quinquennium
1804 641 1919 684 cod.
1974 654 2015 683 v.
2035 641 2092 684 33
2116 645 2236 695 post
2254 642 2558 695 excogitata

405 702 521 743 add.
545 700 618 742 est
641 701 764 743 Friis
824 713 864 741 v.
885 699 941 741 36
965 697 1181 740 Artifex
1205 698 1345 754 Friis]
1377 697 1708 751 Copernicus
1728 699 1844 742 cod.
1907 712 1948 741 v.
1968 698 2025 741 37
2050 698 2267 753 insuper
2286 700 2426 757 Friis]
2452 711 2556 743 om.

404 761 518 802 cod.
582 772 622 799 v.
642 758 699 800 42
723 757 893 810 liquet
909 757 1049 813 Friis]
1071 768 1175 800 om.
1198 757 1314 799 cod.

473 831 514 870 p.
534 816 620 858 200
639 830 679 858 ν.
703 816 721 858 1
752 814 1117 868 acronychum
1146 815 1285 870 Friis]
1311 813 1696 868 acronychium
1725 815 1841 858 cod.
1904 828 1944 857 v.
1965 815 2080 858 6-7
2105 826 2341 858 annuum
2369 815 2560 859 circui-

406 877 511 917 tum
529 884 866 927 nequaquam
885 872 1166 915 admittere
1180 873 1321 929 Friis]
1342 883 1521 916 annuo
1535 872 1782 915 circuitui
1793 883 2133 926 nequaquam
2149 873 2253 916 eBe
2268 873 2558 917 obnoxium
2626 921 2630 924 ,

403 934 518 975 cod.
581 946 621 974 v.
641 931 698 974 30
727 931 800 974 uti
818 930 1061 973 existimo
1080 931 1221 987 Friis]
1242 943 1345 974 om.
1369 931 1485 974 cod.
1548 944 1589 973 v.
1608 930 1666 973 40
1691 929 1825 974 forte
1845 931 1985 988 Friis]
2007 943 2111 974 om.
2134 933 2250 974 cod.

471 1004 513 1043 p.
528 990 607 1032 201
633 1004 673 1032 v.
691 990 709 1031 1
740 989 768 1031 4
786 989 858 1032 ad
876 989 904 1031 6
922 988 1035 1030 sere
1056 1001 1121 1032 ex
1139 988 1198 1031 42
1217 989 1287 1031 ad
1306 988 1364 1031 60
1382 1000 1517 1032 corr.
1527 989 1708 1042 Tycho
1756 1003 1797 1031 v.
1811 988 1840 1031 5
1860 989 2141 1043 praeripuit
2157 990 2297 1046 Friis]
2317 988 2563 1044 surripuit

402 1049 517 1091 cod.
569 1062 609 1090 v.
630 1048 656 1090 8
682 1048 753 1090 ad
775 1048 976 1090 tantum
999 1057 1136 1100 opus
1156 1046 1551 1089 conficiendum
1575 1047 1715 1103 Friis]
1736 1058 1839 1090 om.
1857 1048 1972 1090 cod.
2024 1061 2065 1089 v.
2089 1048 2136 1090 11
2168 1047 2260 1101 qui
2278 1048 2418 1105 Friis]
2439 1058 2560 1101 quae

402 1107 516 1149 cod.
618 1119 658 1148 v.
682 1105 852 1148 12-13
882 1105 1046 1148 verba
1074 1104 1368 1148 consultum
1399 1104 1462 1147 Iit
1485 1106 1570 1148 hic
1599 1106 1799 1159 praebet
1828 1106 1969 1162 Friis]
1998 1110 2116 1159 post
2143 1107 2413 1149 maturare
2442 1107 2557 1150 cod.

400 1178 441 1206 v.
462 1164 518 1207 25
543 1163 730 1206 intimo
753 1164 893 1220 Friis]
913 1175 1018 1206 om.
1041 1164 1157 1207 cod.
1220 1176 1262 1206 v.
1281 1163 1338 1206 29
1365 1167 1484 1206 ante
1504 1162 1649 1206 hisce
1668 1164 1893 1218 praebuit
1910 1164 1965 1206 in
1987 1164 2121 1214 cod.,
2147 1165 2240 1207 sed
2266 1165 2559 1219 de1.Tych0

401 1237 441 1264 v.
461 1222 518 1265 32
543 1232 609 1264 eo
635 1222 775 1278 Friis]
801 1221 895 1264 illo
921 1223 1036 1265 cod.
1100 1235 1140 1264 v.
1161 1221 1218 1264 34
1243 1221 1335 1263 ille
1362 1221 1503 1278 Friis]
1531 1233 1634 1265 om.
1657 1222 1773 1265 cod.
1840 1221 1966 1264 inde
1992 1222 2133 1279 Friis]
2159 1233 2246 1264 me
2272 1222 2399 1265 hinc
2425 1224 2559 1274 cod.,

400 1281 491 1323 sed
517 1281 679 1323 verba
706 1281 874 1323 deleta
899 1283 1019 1323 sunt
1113 1294 1154 1322 v.
1175 1279 1232 1322 40
1262 1279 1584 1334 Thecmyria
1612 1281 1728 1323 cod.
1825 1293 1866 1322 v.
1886 1279 1944 1322 42
1963 1279 2230 1334 proposito
2255 1281 2396 1338 Friis]
2421 1280 2561 1323 initi-

401 1340 510 1381 tuto
530 1339 646 1381 cod.

469 1411 511 1450 p.
531 1396 617 1439 202
642 1410 683 1439 ν.
707 1397 819 1439 1-2
838 1396 1187 1450 particularia
1205 1428 1215 1438 .
1234 1429 1243 1440 .
1263 1428 1273 1438 .
1289 1395 1543 1439 facientia
1572 1396 1713 1453 Friis]
1741 1390 2251 1449 particularitates..
2270 1429 2280 1439 .
2296 1395 2561 1452 facientes

400 1456 515 1498 cod.
607 1468 648 1497 v.
671 1455 726 1498 10
750 1454 985 1498 consulte
1012 1455 1152 1512 Friis]
1178 1453 1556 1508 circumspecte
1583 1455 1698 1498 cod.
1790 1468 1831 1496 v.
1851 1454 1908 1497 32
1928 1454 2141 1508 ponunt
2162 1455 2302 1512 Friis]
2327 1454 2562 1509 spectan-

402 1515 487 1555 tur
502 1515 617 1557 cod.

468 1585 510 1624 p.
531 1571 616 1614 203
635 1585 676 1614 ν.
696 1571 724 1614 5
748 1571 976 1614 recitare
994 1571 1136 1628 Friis]
1155 1570 1355 1614 referre
1370 1572 1486 1614 cod.
1538 1584 1578 1613 v.
1598 1570 1627 1613 9
1646 1571 1970 1624 prudentius
1983 1571 2124 1628 Friis]
2138 1571 2429 1615 consultius
2443 1573 2559 1615 cod.

398 1644 439 1672 v.
459 1629 515 1672 23
541 1630 716 1673 Fortis
736 1642 801 1673 ex
819 1628 983 1672 Acris
1002 1634 1054 1673 et
1072 1628 1280 1672 cursum
1302 1641 1367 1673 ex
1381 1640 1622 1683 pugnam
1645 1641 1780 1672 corr.
1796 1629 1992 1683 Tycho.

398 1745 429 1788 f
467 1702 510 1741 p.
530 1688 616 1732 205
641 1702 682 1731 ν.
702 1688 862 1742 28—p.
882 1688 968 1732 206
993 1702 1034 1731 ν.
1054 1688 1082 1731 2
1113 1698 1215 1742 ego
1237 1720 1247 1730 .
1271 1720 1281 1730 .
1307 1720 1316 1731 .
1339 1687 1625 1742 quicquam
1651 1688 1705 1730 in
1731 1699 1893 1743 marg.
1919 1688 2035 1731 cod.
2127 1701 2168 1730 v.
2188 1687 2246 1730 40
2271 1687 2400 1731 eBet
2421 1688 2561 1745 Friis]

421 1748 536 1789 oret
553 1747 668 1790 cod.

469 1819 510 1858 p.
530 1805 616 1848 207
635 1818 676 1849 ν.
697 1805 724 1848 9
749 1805 1024 1848 adinatum
1047 1806 1163 1849 cod.
1226 1818 1268 1847 v.
1291 1804 1345 1847 19
1370 1804 1604 1847 emensae
1623 1804 1764 1861 Friis]
1787 1803 2003 1847 emensa
2025 1805 2140 1848 cod.

468 1877 510 1916 p.
531 1863 616 1906 208
635 1877 677 1906 ν.
697 1863 754 1906 33
780 1867 900 1906 ante
918 1862 1053 1906 libro
1072 1864 1297 1918 praebuit
1314 1862 1369 1905 in
1390 1864 1525 1915 cod.,
1546 1863 1639 1906 sed
1659 1864 1756 1906 del.
1772 1863 1968 1917 Tycho.

468 1935 510 1974 p.
530 1922 616 1965 209
636 1935 677 1964 ν.
700 1922 754 1964 16
779 1921 901 1964 eius
915 1922 1060 1978 Friis]
1080 1922 1189 1965 suae
1209 1922 1325 1965 cod.

468 1993 511 2033 p.
531 1980 617 2022 210
635 1994 677 2023 ν.
701 1980 754 2023 19
779 1980 1062 2023 curriculis
1082 1981 1198 2024 cod.
1202 1980 1218 2037 ]
1239 1979 1458 2023 circulis
1477 1979 1616 2022 Friis.

467 2052 510 2091 p.
530 2038 610 2081 211
635 2052 676 2081 ν.
696 2039 753 2081 37
778 2042 896 2093 post
914 2038 1140 2092 repetita
1161 2038 1384 2093 praebuit
1403 2039 1459 2081 et
1475 2048 1508 2080 a
1528 2048 1616 2080 me
1635 2036 1747 2091 ipso
1761 2038 1815 2080 et
1828 2047 2070 2081 meorum
2085 2036 2426 2080 studiosorum
2449 2036 2563 2091 qui-

399 2096 616 2139 busdam
637 2096 692 2139 in
713 2097 924 2140 calculo
942 2096 1070 2139 satis
1089 2095 1348 2139 instructis
1369 2098 1425 2139 et
1441 2094 1714 2150 expeditis
1734 2097 1868 2147 cod.,
1889 2096 1982 2139 sed
2002 2097 2100 2139 del.
2113 2096 2309 2150 Tycho.

468 2168 510 2207 p.
530 2154 617 2197 212
644 2169 686 2197 ν.
706 2155 734 2197 2
765 2156 934 2198 altero
962 2155 1104 2212 Friis]
1133 2155 1240 2198 alio
1269 2155 1385 2198 cod.
1474 2168 1515 2197 v.
1535 2154 1680 2197 9-12
1709 2154 1902 2208 Neque
1925 2185 1934 2196 .
1960 2186 1970 2196 .
1995 2186 2005 2196 .
2026 2153 2138 2197 sum
2170 2154 2222 2197 in
2250 2166 2412 2209 marg.
2444 2155 2559 2197 cod.

398 2227 439 2255 v.
459 2213 633 2256 32—36
659 2213 986 2267 oportuiBet.
1006 2246 1015 2256 .
1035 2246 1044 2256 .
1062 2213 1361 2256 obtinuiBet
1378 2213 1496 2256 add.
1512 2213 1691 2266 Tycho
1711 2212 1763 2255 in
1782 2224 1945 2267 marg.

468 2284 510 2324 p.
530 2271 617 2314 214
636 2285 677 2314 ν.
697 2272 724 2314 3
749 2271 1057 2314 intellexisti
1076 2271 1551 2329 Friis]inte11exis3e
1569 2272 1703 2322 cod,
1724 2274 1780 2313 ut
1793 2271 1997 2314 videtur
2043 2284 2085 2313 v.
2104 2270 2278 2314 25—26
2295 2270 2475 2324 Atque
2491 2302 2502 2313 .
2521 2302 2531 2312 .
2549 2303 2559 2314 .

397 2329 525 2372 satis
543 2330 723 2385 Tycho
743 2331 795 2373 in
813 2343 978 2385 marg.
1061 2345 1102 2373 v.
1122 2330 1180 2373 40
1204 2331 1403 2373 nollem
1426 2341 1491 2373 ex
1509 2330 1634 2372 nolo
1654 2341 1789 2373 corr.
1804 2330 1984 2383 Tycho
2068 2342 2109 2371 v.
2129 2328 2304 2372 41—42
2324 2328 2567 2383 perirent

430 2387 833 2441 ..pervenirent
849 2389 990 2445 Friis]
1006 2390 1290 2442 pereant..
1308 2387 1660 2442 ‚perveniant
1675 2389 1792 2431 cod.

468 2460 510 2499 p.
530 2446 676 2489 216v.
700 2447 809 2489 11-
759 2460 856 2500 -.p
876 2447 1022 2490 217ν.
1047 2447 1100 2490 15
1127 2447 1350 2490 Verum.
1399 2445 1753 2499 ,Uraniburgi
1770 2446 1822 2488 in
1843 2457 2005 2501 marg.
2028 2446 2163 2489 cod.

467 2518 510 2558 p.
529 2505 616 2547 217
635 2519 676 2547 ν.
701 2505 811 2548 15-
816 2506 870 2548 17
890 2505 1077 2559 prim..
1097 2504 1366 2560 ..propria
1387 2505 1528 2562 Friis]
1549 2516 1654 2548 om.
1671 2505 1788 2548 cod.
1851 2518 1892 2546 v.
1913 2503 1970 2547 36
1994 2507 2112 2559 post
2135 2503 2266 2547 artis
2286 2504 2404 2547 add.
2429 2505 2563 2547 trac-

399 2564 576 2607 tandae
596 2564 731 2614 cod.,
752 2565 845 2607 sed
865 2564 1067 2607 delevit.

467 2635 509 2675 p.
535 2621 622 2665 218
649 2636 690 2665 v.
716 2622 774 2665 25
807 2632 932 2665 meo
958 2621 1194 2679 nomine]
1224 2633 1347 2665 mea
1376 2622 1499 2665 Friis
1588 2635 1629 2664 v.
1656 2620 1830 2664 37-42
1864 2621 2048 2675 Rogo.
2108 2619 2396 2702 ,BRAHE
2422 2620 2562 2678 Friis]

398 2692 501 2723 om.
525 2681 641 2723 cod.

466 2752 509 2792 p.
524 2738 609 2782 219
628 2753 670 2781 v.
688 2739 741 2782 18
761 2738 876 2782 mili
856 2739 1214 2796 1scripsimus]
1235 2737 1371 2781 mihi
1389 2739 1505 2782 cod.
1556 2752 1598 2781 v.
1612 2738 1669 2781 29
1688 2736 2045 2781 correctiones
2065 2738 2204 2781 cod.:
2221 2737 2560 2781 correximus.

466 2811 509 2850 p.
529 2796 616 2839 222
634 2811 676 2840 v.
695 2797 723 2840 3
748 2801 866 2852 post
889 2797 993 2841 tuis
1014 2799 1133 2841 add.
1156 2798 1293 2840 intra
1313 2808 1551 2840 annuum
1573 2795 1798 2850 spatium
1821 2795 2064 2850 acceptis
2083 2795 2304 2839 Vindob.
2331 2795 2525 2839 1068613.

466 2869 508 2909 p.
529 2855 615 2898 223
634 2869 675 2898 v.
695 2856 811 2898 6-7
840 2855 1191 2914 Cometicum]
1220 2855 1560 2900 Cometarum
1588 2854 2023 2898 Vindob.10686¹³
2135 2868 2176 2897 v.
2196 2853 2254 2897 20
2277 2853 2487 2897 habeas
2512 2854 2564 2896 in

398 2913 626 2956 babebis
646 2926 780 2958 corr.
802 2915 913 2969 ipse
931 2915 1127 2970 Tycho.

467 2985 509 3025 p.
534 2972 621 3015 228
651 2986 693 3015 v.
718 2973 893 3016 38—39
934 2972 1190 3016 Hasniam
1214 3004 1224 3014 .
1248 3004 1258 3014 .
1283 3004 1293 3014 .
1316 2972 1561 3029 excurro]
1600 2971 1815 3015 Hasniae
1845 2971 1949 3014 hoc
1981 2970 2199 3015 nomine
2230 2969 2562 3025 aliquamdiu

397 3041 577 3073 moror
593 3044 732 3074 man.
758 3033 775 3074 1
799 3031 960 3088 (prius
978 3032 1032 3074 in
1049 3030 1305 3074 Hasniam
1321 3032 1490 3085 paulo
1510 3031 1635 3073 ante
1655 3039 1884 3073 excurro
1903 3030 2073 3085 corn).

466 3102 508 3141 p.
528 3089 615 3132 229
634 3103 675 3132 v.
695 3089 753 3133 26
778 3089 867 3133 hic
889 3091 1007 3134 add.
1031 3102 1171 3133 man.
1193 3090 1222 3132 2
1281 3103 1322 3132 v.
1342 3089 1393 3132 41
1425 3089 1530 3132 hac
1550 3089 1618 3132 de
1639 3099 1696 3131 re
1718 3089 1836 3131 add.
1859 3100 1998 3130 man.
2020 3088 2062 3131 2.

467 3161 509 3200 p.
530 3147 616 3190 230
635 3161 675 3190 ν.
696 3147 724 3190 4
749 3159 910 3202 quam
927 3147 1178 3202 proxime
1197 3147 1537 3204 subscribere]
1549 3146 1689 3202 julio
1703 3146 1931 3201 propius
1950 3146 2214 3189 accedere
2234 3158 2374 3188 man.
2400 3145 2418 3187 1
2474 3158 2515 3188 v.
2534 3144 2562 3188 5

398 3205 588 3249 merito
608 3207 726 3249 add.
744 3219 883 3250 man.
900 3208 928 3250 2
977 3220 1018 3249 v.
1038 3207 1066 3250 6
1084 3205 1292 3262 indidit]
1315 3205 1493 3249 tribuit
1512 3218 1652 3249 man.
1672 3206 1691 3248 1
1743 3205 1904 3258 longe
1925 3205 2043 3247 add.
2060 3216 2200 3248 man.
2215 3205 2244 3246 2
2291 3218 2333 3247 v.
2352 3203 2410 3247 25
2429 3202 2564 3257 ipse-

398 3265 511 3306 met
533 3264 725 3307 diserte
750 3278 889 3308 man.
912 3266 957 3322 3]
981 3264 1093 3319 ipse
1118 3277 1259 3308 man.
1285 3265 1303 3307 l
1403 3278 1444 3307 v.
1465 3263 1522 3307 29
1547 3262 1901 3307 nihilominus
1928 3263 2046 3306 add.
2069 3275 2209 3306 man.
2231 3263 2258 3305 3
2348 3275 2389 3304 v.
2408 3261 2467 3304 30
2491 3272 2564 3304 ex

397 3334 537 3364 man.
559 3322 603 3378 2]
624 3322 788 3366 buius
808 3336 948 3366 man.
975 3324 992 3366 1
1058 3337 1099 3366 v.
1119 3323 1170 3366 31
1201 3321 1532 3379 corporibus]
1552 3321 1794 3376 corporis
1814 3334 1951 3365 man.
1980 3321 2017 3364 1.
