2730 4264
822 327 945 379 AD
973 327 1394 382 CRAIGUM
1421 319 1786 384 SCOTUM
2316 337 2407 390 155

212 473 530 529 consentire
561 470 807 523 videtur.
849 468 1226 535 Quapropter
1257 471 1746 536 acquiescendum
1786 480 1841 526 et
1879 473 2408 540 obtemperandum

149 570 171 590 v
212 545 573 600 eruditorum
591 544 655 594 in
676 541 1024 601 Germani&
1045 536 1066 610 ΙΙ
1087 548 1142 594 01
1163 544 1541 607 quorundam
1562 547 1739 596 etiam
1759 548 1822 597 in
1841 544 1954 597 hac
1974 546 2176 598 Dania
2201 548 2407 608 nostra,

211 615 446 671 confilio
460 620 515 666 et
529 612 946 672 adhortationi,
961 611 1137 664 satius
1153 614 1490 676 existimavi,
1506 622 1684 680 atque
1697 617 1773 676 id,
1790 618 2069 682 quicquid
2084 625 2207 670 erat
2220 618 2410 684 scripti

210 686 590 754 Apologetici,
624 683 1038 736 excudendum
1070 686 1326 744 concessi,
1364 685 1602 750 sperans
1634 687 1868 752 insuper
1899 704 1995 740 me
2028 705 2171 750 rem,
2211 691 2408 754 quoad

210 757 386 813 huius
398 758 663 809 materiae
676 754 1006 819 pleniorem
1022 755 1518 819 explanationem,
1540 774 1664 810 non
1681 758 2086 824 infrugiferam
2100 760 2214 812 1100
2228 761 2408 813 1110ᾱο

208 828 617 897 praestiturum;
647 825 967 892 praesertim
997 841 1133 878 cum
1162 825 1325 879 haud
1353 843 1545 892 pauca
1574 832 1636 881 in
1665 829 1777 882 hac
1804 831 1925 895 ipsa
1949 831 2246 897 Apologia
2272 848 2406 884 con·

208 905 518 959 tineantur,
540 912 675 963 quae
695 912 821 950 non
839 896 1042 949 saltem
1062 896 1306 951 tractata
1320 914 1357 950 a
1370 900 1540 952 nobis
1557 900 1706 953 libro
1720 901 2016 967 superiore
2030 903 2263 967 plenius
2277 903 2407 955 illu-

207 973 392 1033 strent,
422 977 478 1023 et
503 969 832 1022 evidentius
862 967 1229 1029 confirment,
1259 969 1355 1022 sed
1385 978 1440 1022 et
1468 972 1762 1025 nonnulla
1791 976 1969 1026 etiam
1995 975 2113 1026 alia
2139 990 2265 1026 rem
2292 975 2406 1027 Co-

148 1072 151 1074 ·
207 1045 479 1097 meticam
497 1043 561 1093 in
580 1055 810 1106 genere,
835 1040 1107 1104 adeoque
1127 1040 1317 1105 ipsum
1335 1045 1639 1107 negotium
1658 1044 2150 1106 Astronomicum‚
2171 1046 2405 1110 praeser-

122 1136 164 1172 10

120 1492 162 1528 1⁵

207 1117 311 1169 tim
324 1112 523 1179 quoad
536 1111 970 1178 Hypothefium
985 1111 1312 1164 nostrarum
1328 1113 1648 1178 aliqualem
1665 1116 2133 1179 explicationem,
2150 1124 2204 1169 et
2218 1118 2291 1170 ab
2307 1118 2405 1170 ob-

207 1183 550 1240 iectionibus
571 1182 830 1236 eiusdem
850 1182 1007 1235 Scoti
1026 1183 1503 1250 vindicationem,
1531 1188 1874 1251 attingentia
1894 1188 2222 1253 expediant.
2252 1188 2405 1252 Quae

206 1255 426 1323 lingula
456 1255 673 1307 harum
705 1257 924 1307 artium
951 1254 1210 1306 studiosis
1239 1270 1349 1307 nec
1377 1259 1606 1321 ingrata
1634 1273 1743 1309 nec
1771 1259 2004 1311 inutilia
2032 1259 2230 1312 futura
2256 1260 2406 1312 mihi

206 1327 542 1396 persuadeo,
564 1326 703 1391 Quo
716 1341 860 1379 vero
876 1325 991 1378 illis
1006 1325 1231 1382 occafio
1251 1326 1432 1379 huius
1445 1328 1813 1394 Apologetici
1827 1330 2016 1395 scripti
2030 1346 2103 1383 ex
2116 1330 2405 1396 ipfiusmet

208 1400 360 1454 Scoti
374 1398 449 1452 ad
463 1414 560 1451 me
573 1397 900 1463 perscriptis
920 1395 1364 1460 obiectionibus,
1386 1406 1563 1463 atque
1584 1400 1657 1452 ab
1678 1400 1781 1452 illo
1803 1401 2064 1455 adductis
2084 1404 2405 1468 ratiocinijs

206 1469 689 1525 melius-constare
703 1475 898 1534 queat,
920 1475 1325 1534 opportunum
1339 1470 1561 1531 censeo,
1584 1471 1733 1536 ipsas
1748 1473 1958 1525 eruditi
1975 1472 2153 1525 huius
2171 1474 2403 1526 Mathe-

205 1544 416 1603 matici,
443 1541 557 1594 hac
576 1541 649 1594 de
669 1557 732 1594 re
753 1541 830 1594 ad
849 1556 946 1593 me
967 1540 1135 1593 datas
1154 1540 1369 1603 literaS,
1397 1549 1691 1606 quatenus
1716 1543 1830 1596 hoc
1849 1547 2150 1610 negotium
2171 1561 2403 1597 concer-

205 1621 367 1675 nunt,
392 1613 750 1666 verbotenus
778 1627 1097 1677 apponere,
1127 1612 1350 1677 ipfique
1377 1614 1689 1679 Apologiae
1718 1619 2087 1680 praemittere,
2117 1619 2240 1668 una
2269 1633 2404 1668 cum

205 1685 407 1740 nostris
426 1684 502 1738 ad
521 1691 719 1737 ternas
738 1683 915 1749 ipsius
934 1684 1187 1737 breviter
1206 1684 1706 1749 respondentibus,
1735 1693 1946 1739 caetera
1972 1687 2074 1752 ipfi
2093 1688 2403 1753 Apologiae

205 1759 327 1811 una
343 1756 430 1809 illi
448 1755 781 1810 transmissae
801 1756 1042 1808 uberius
1062 1755 1404 1821 replicanda
1421 1758 1856 1810 committendo,
1879 1758 1972 1811 Sic
1993 1761 2152 1810 enim
2170 1762 2296 1811 eius
2314 1775 2402 1812 31-

204 1830 673 1896 gumentationes
693 1843 830 1880 cum
849 1827 1055 1880 nostris
1076 1827 1588 1893 redargutionibus
1609 1828 1819 1882 10611113
1840 1830 2107 1891 conferri,
2131 1837 2307 1895 atque
2328 1831 2403 1882 ad

203 1902 459 1954 veritatis
484 1899 712 1966 lydium
728 1899 998 1965 lapidem
1024 1899 1098 1951 ab
1126 1899 1368 1952 eruditis
1396 1906 1452 1952 et
1475 1901 1693 1953 iudicio
1719 1901 2049 1954 valentibus
2077 1904 2403 1966 promptius

203 1972 437 2038 probari
460 1973 730 2037 poterint.
758 1971 998 2024 Addam
1018 1986 1259 2036 quoque
1285 1974 1348 2023 in
1374 1970 1510 2032 fine,
1537 1972 1658 2037 post
1683 1972 2010 2025 absolutam
2030 1973 2402 2038 Apologiam‚

205 2043 504 2110 quandam
518 2058 591 2096 ex
604 2042 809 2095 nostris
824 2042 1145 2108 epistolam,
1166 2058 1288 2107 qua
1305 2058 1444 2095 eum
1458 2043 1529 2095 de
1544 2044 1770 2096 dudum
1784 2044 2098 2096 transmissa
2111 2044 2404 2109 Apologia

204 2115 504 2176 admonui,
537 2120 716 2180 atque
745 2114 822 2167 ad
851 2114 1304 2180 responsionem,
1334 2114 1376 2166 fi
1405 2131 1588 2180 quam
1615 2118 1678 2167 in
1707 2122 1983 2180 promptu
2014 2115 2270 2176 haberet,
2304 2116 2402 2168 ad-

203 2186 467 2240 hortatus
486 2185 594 2239 fui:
621 2192 804 2252 utque
823 2186 1174 2252 perspiciant
1193 2186 1410 2239 harum
1430 2202 1630 2239 rerum
1650 2190 1817 2252 gnari
1838 2194 1893 2239 et
1914 2187 2125 2251 cupidi,
2152 2202 2248 2238 me
2274 2187 2402 2239 nul-

203 2258 328 2311 lum
340 2256 662 2312 detreclasse
677 2260 740 2311 in
754 2258 869 2310 hoc
883 2256 1295 2324 Philosophico
1311 2260 1630 2311 certamine
1644 2261 1878 2319 virium,
1900 2265 1955 2310 et
1974 2258 2136 2311 haud
2153 2258 2402 2310 imbellis

203 2329 380 2383 huius
399 2329 487 2395 (ut
499 2329 574 2382 fic
586 2329 822 2395 loquar)
839 2329 979 2382 belli
993 2337 1289 2382 eventum.
1312 2329 1617 2395 Siquidem
1631 2330 1689 2383 id
1704 2333 1766 2382 in
1780 2331 1954 2383 rebus
1967 2329 2401 2391 AstronomiciS,

204 2416 337 2467 quae
350 2403 530 2455 armis
546 2401 910 2455 Geometriae
924 2408 1102 2467 atque
1116 2401 1522 2454 Arithmeticae
1543 2401 1863 2463 confidunt,
1884 2417 2008 2454 non
2022 2402 2172 2454 adeo
2187 2417 2402 2466 anceps

162 2510 167 2514 ·
204 2472 294 2535 est,
325 2479 501 2539 atque
530 2489 668 2526 cum
695 2475 759 2526 in
788 2474 1008 2526 Mundi
1036 2473 1217 2526 huius
1244 2473 1634 2526 tumultuaria
1661 2473 1878 2534 fabula,
1911 2473 2138 2525 levibus
2166 2472 2317 2537 saepe
2348 2479 2402 2524 et

203 2544 452 2611 indignis
478 2545 551 2598 de
578 2546 795 2606 caussiS,
822 2561 947 2598 non
972 2545 1189 2611 absque
1212 2545 1608 2611 plurimorum
1629 2545 1944 2597 hominum
1963 2546 2219 2609 pernicie
2241 2550 2295 2595 et
2314 2547 2399 2595 in-

201 2619 372 2669 teritu
386 2616 638 2682 (utinam
651 2616 855 2670 saltem
869 2633 1188 2682 corporum
1203 2623 1258 2670 et
1271 2620 1355 2669 rei
1369 2616 1693 2677 familiaris,
1710 2631 1834 2669 non
1848 2619 2025 2669 etiam
2039 2617 2163 2668 una
2175 2617 2400 2667 anima-

202 2686 355 2752 rum)
380 2687 534 2753 proh
558 2688 728 2741 dolor
752 2692 986 2755 geritur.
1015 2689 1230 2754 Neque
1257 2691 1418 2741 enim
1443 2688 1557 2740 hoc
1583 2688 2077 2741 Mathematicum
2104 2694 2400 2738 certamen

201 2758 476 2819 Fortunae
496 2759 658 2822 aleiS,
679 2767 783 2814 aut
801 2761 1025 2813 viribus
1046 2763 1359 2826 corporeiS‚
1381 2760 1584 2812 ullisve
1600 2760 2034 2825 Stratagematis
2056 2764 2110 2810 et
2130 2757 2279 2809 dolis
2300 2757 2398 2809 ob-

201 2833 447 2884 noxium
475 2831 572 2884 est:
604 2831 701 2885 sed
729 2835 837 2886 rite
866 2832 1166 2899 provisum
1195 2831 1778 2896 administratumque
1807 2836 2090 2896 perpetuo
2120 2826 2399 2881 invictam

202 2909 457 2968 reportat
470 2903 782 2957 Lauream.
797 2904 1029 2957 Veritas
1042 2904 1328 2969 fiquidem
1342 2906 1520 2955 unica
1534 2902 1624 2963 est,
1647 2901 2150 2967 quemadmodum
2165 2900 2399 2952 nullum

201 2974 371 3028 datur
387 2977 452 3028 in
471 2975 690 3029 circulo
710 2973 1013 3042 punctum,
1036 2976 1196 3041 quod
1217 2981 1484 3028 centrum
1504 2974 1583 3035 fit,
1605 2973 1711 3026 nifi
1730 2976 1990 3032 unicum,
2011 2972 2264 3036 ideoque
2285 2971 2398 3023 hoc

200 3045 535 3111 inquifitum
564 3047 1159 3113 demonstratumque,
1191 3054 1403 3099 caetera
1432 3048 1636 3098 omnia
1664 3045 1836 3097 devia
1866 3051 1920 3096 et
1948 3043 2087 3095 huic
2112 3045 2234 3094 vim
2261 3042 2397 3094 faci-

202 3120 358 3171 entia
376 3134 500 3171 non
520 3119 853 3180 extimescit,
881 3119 1150 3184 nihilque
1174 3118 1311 3171 inde
1332 3117 1598 3170 afficitur.
1627 3117 1874 3170 Utinam
1899 3115 2056 3167 idem
2082 3117 2144 3166 in
2170 3113 2399 3178 reliqua

200 3188 584 3256 philosophia,
604 3192 846 3256 totaque
866 3191 1123 3258 PhyficA,
1146 3193 1267 3243 imo
1288 3192 1560 3242 omnium
1579 3191 1791 3253 potius,
1812 3190 1874 3239 in
1894 3187 2232 3239 divinorum
2251 3185 2396 3237 Ora-

201 3259 469 3314 culorum
489 3262 827 3328 expofitrice
840 3262 1185 3328 Theologia„
1207 3276 1379 3326 aeque
1398 3260 1577 3313 solide
1598 3266 1653 3312 et
1674 3258 1995 3311 indubitate
2015 3256 2396 3322 praestaretur,

201 3338 350 3385 certe
369 3332 638 3398 plurimis
655 3334 950 3387 immundi
964 3334 1145 3387 huius
1161 3333 1435 3386 terrestris
1450 3332 1668 3384 Mundi
1683 3332 1883 3395 iurgijs
1897 3331 2153 3394 ingratiS,
2176 3334 2229 3380 et
2249 3330 2397 3392 peri-

202 3402 405 3456 culosis
434 3405 867 3459 dissenfionibus
896 3405 1299 3458 liberaremur.
1331 3404 1444 3456 Sed
1471 3419 1590 3468 quo
1618 3399 1943 3468 digredior?
1972 3400 2397 3522 Relinquaffius

338 3485 408 3521 20·
2326 3485 2397 3535 ijs
