2730 4264
446 338 548 389 222
1120 336 1398 387 VARIAE
1423 334 1916 387 SCRIPTURAE

516 485 559 527 p.
579 474 630 516 21
654 485 697 517 ν.
716 473 745 516 3
769 472 976 528 distare]
997 470 1266 515 remoueri
1283 471 1328 513 D
1349 483 1489 513 man.
1511 481 1614 513 sec.
1636 472 1670 513 P
1728 481 1772 514 ν.
1790 470 1820 514 4
1843 471 1917 528 55]
1936 471 1995 514 52
2014 472 2060 514 D
2080 484 2220 514 man.
2242 484 2345 516 sec.
2407 483 2451 516 ν.
2469 472 2499 517 5
2517 472 2599 515 su-

441 531 658 588 periori]
678 531 882 573 Lucida
905 531 949 571 D
969 542 1108 572 man.
1130 540 1233 572 sec.
1255 530 1289 571 P
1336 539 1379 571 ν.
1403 527 1457 570 10
1475 527 1533 570 54
1551 526 1681 585 sere]
1701 527 1759 571 50
1776 530 1810 571 Ρ
1828 529 1938 585 (per
1957 530 2209 586 errorem)
2256 540 2300 573 ν.
2322 530 2376 573 12
2396 530 2599 574 distan-

448 590 567 646 tias]
587 587 1021 642 intercapedines
1042 588 1086 629 D
1107 599 1246 629 man.
1262 597 1365 629 sec.
1381 587 1415 628 P
1473 596 1517 628 ν.
1536 586 1588 629 18
1606 585 1680 643 in]
1695 587 1873 640 quoad
1888 588 1934 630 D
1948 600 2088 630 man.
2105 599 2208 631 000.
2224 589 2258 630 P
2315 598 2360 631 ν.
2380 589 2434 631 19
2453 589 2595 632 enim

447 660 550 691 om.
571 649 605 689 P
664 657 707 689 ν.
723 646 779 689 33
800 645 1100 688 dirimentis
1119 645 1181 696 D,
1203 645 1295 687 sed
1315 643 1542 687 correxit
1600 655 1643 688 ν.
1663 644 1721 687 39
1740 645 1917 701 arcus]
1933 644 2107 699 portio
2125 646 2174 687 P.

515 716 559 758 p.
579 704 636 747 22
654 715 697 747 ν.
717 704 744 746 3
769 704 823 745 in
844 703 907 759 Β]
933 703 1004 745 ad
1021 702 1069 744 B
1087 704 1120 744 P
1180 712 1223 746 ν.
1243 702 1358 745 7-8
1384 701 1543 744 Libet
1557 702 1718 745 etiam
1741 702 1885 759 hinc]
1905 703 2066 756 atque
2088 714 2192 745 una
2214 704 2259 746 D
2280 716 2420 748 man.
2442 716 2545 748 000.
2566 706 2600 748 P

445 774 488 806 ν.
506 763 558 806 18
578 773 699 805 cum
714 761 824 817 ÷114
838 762 883 803 D
897 761 949 802 in
963 772 1124 814 marg.
1141 761 1175 802 P
1233 770 1277 802 ν.
1291 759 1348 802 25
1367 759 1461 816 ΙΙΙ]
1475 761 1586 814 lege
1605 760 1699 813 111,
1716 763 1773 803 ut
1786 761 1943 804 etiam
1957 763 1991 804 P
2073 760 2147 818 46]
2160 761 2215 804 51
2232 762 2277 804 D
2292 774 2431 805 man.
2446 774 2550 806 sec.
2566 764 2599 805 P

445 832 488 864 v.
507 820 564 863 26
590 819 840 862 dimetiar
855 819 954 874 DP]
979 817 1282 861 dimetiorE
1342 828 1386 861 v.
1404 817 1461 860 27
1486 817 1811 861 Minoturum
1835 820 1891 862 E:
1921 819 2246 862 correximus
2306 830 2349 863 ν.
2369 819 2426 864 28
2455 821 2475 862 l
2548 820 2601 863 14

448 880 492 921 D
513 890 652 920 man.
674 888 777 920 sec.
792 878 826 918 P
884 886 928 919 ν.
948 875 1005 918 29
1023 875 1081 918 49
1099 874 1268 918 Minu.
1289 876 1363 933 52]
1383 874 1441 917 50
1458 875 1627 918 Minu.
1649 875 1708 919 42
1726 877 1771 919 D
1791 889 1931 920 man.
1947 889 2051 920 000.
2067 879 2101 919 P
2159 887 2203 920 ν.
2222 877 2396 921 29-30
2415 889 2484 921 au
2509 888 2600 921 ero

441 936 595 990 prius
613 935 832 977 invento
853 934 898 976 D
958 944 1002 976 ν.
1021 933 1072 976 31
1097 933 1170 990 44]
1185 934 1213 976 9
1232 935 1277 976 D
1299 946 1438 976 man.
1457 945 1561 977 sec.
1576 935 1610 976 P
1669 945 1712 978 ν.
1732 934 1905 978 35-36
1924 934 1982 978 38
2000 935 2199 978 Minut.·
2216 934 2260 992 4]
2280 935 2338 978 36
2355 935 2555 979 Minut:
2576 937 2597 979 1

446 995 491 1036 D
507 1006 645 1036 man.
661 1004 764 1035 sec.
781 994 814 1034 P
873 1002 917 1035 v.
930 991 987 1034 38
1005 992 1079 1048 56]
1095 992 1152 1034 59
1165 993 1210 1033 D
1225 1004 1364 1034 man.
1380 1003 1484 1035 sec.
1499 993 1533 1034 P
1591 1002 1635 1035 ν.
1649 991 1707 1035 40
1726 991 1989 1050 dimetior]
2003 992 2213 1047 inquiro
2231 994 2277 1036 D
2293 1006 2432 1037 man.
2448 1005 2552 1038 000.
2567 995 2600 1037 P

444 1062 487 1095 ν.
506 1051 563 1093 42
583 1052 731 1104 part:
752 1051 779 1092 7
797 1050 844 1093 ἂν
863 1050 989 1093 min.
1011 1050 1070 1093 59
1089 1050 1134 1092 D
1155 1062 1295 1093 man.
1317 1061 1421 1093 sec.
1442 1051 1490 1093 P.

514 1120 559 1162 p.
578 1108 634 1151 23
653 1119 697 1152 v.
716 1108 744 1151 3
772 1109 799 1150 7
817 1108 865 1151 8(
883 1109 941 1150 59
960 1108 1005 1150 D
1026 1120 1166 1151 man.
1187 1119 1290 1151 000.
1312 1109 1346 1151 P
1404 1118 1448 1151 ν.
1469 1108 1496 1150 5
1523 1107 1572 1151 8(
1589 1107 1748 1151 Min..·
1775 1108 1816 1165 1]
1836 1109 2105 1162 completo
2124 1108 2305 1152 minus
2328 1109 2531 1167 (minor
2544 1109 2603 1167 P)

443 1166 626 1210 saltem
652 1176 756 1209 uno
775 1166 980 1209 minuto
1003 1166 1048 1208 D
1069 1178 1207 1208 man.
1229 1177 1333 1209 000.
1354 1166 1409 1217 Ρ;
1435 1169 1548 1209 tum
1567 1178 1694 1209 vero
1714 1167 1879 1209 verba
1903 1166 1996 1220 qui
2019 1166 2094 1209 011
2116 1166 2171 1209 in
2192 1166 2413 1221 peracto
2432 1168 2600 1221 gradu

446 1225 563 1268 add.
586 1225 648 1275 D,
669 1225 762 1267 sed
782 1224 971 1267 delevit
1030 1235 1074 1267 ν.
1093 1224 1121 1266 6
1139 1225 1213 1280 56]
1232 1224 1291 1266 59
1310 1225 1355 1266 D
1375 1236 1515 1267 man.
1531 1235 1634 1267 sec.
1650 1225 1684 1266 P
1742 1235 1786 1267 ν.
1809 1224 1862 1267 16
1876 1226 2181 1282 propalare]
2200 1225 2397 1268 leuiter
2406 1236 2602 1280 propa-

443 1284 556 1325 lare
572 1283 617 1324 D
632 1295 770 1324 man.
787 1294 890 1326 000.
906 1284 940 1325 P
999 1293 1042 1325 ν.
1059 1282 1229 1325 16--30
1248 1281 1427 1325 Licet.
1444 1314 1453 1324 .
1470 1314 1480 1325 .
1492 1282 1850 1339 publicentur]
1864 1282 1924 1325 In
1939 1282 2043 1326 1100
2058 1283 2210 1340 [corr.
2226 1295 2292 1326 ex
2305 1283 2442 1340 baec]
2456 1283 2599 1326 enim

443 1340 850 1383 fundamentum
880 1339 1041 1384 totius
1059 1339 1443 1383 Astronomicae
1466 1339 1703 1383 scientiae
1728 1339 1966 1393 consistit,
1994 1342 2050 1384 et
2069 1340 2394 1385 Geometriae
2415 1341 2500 1384 vis
2525 1343 2603 1385 01-

444 1410 548 1452 que
565 1398 765 1441 vtilitas
779 1398 1044 1441 elucescit.
1062 1398 1212 1441 Vnde
1226 1398 1267 1441 Ii
1279 1398 1401 1452 quis
1421 1398 1543 1455 [non
1558 1401 1742 1453 postea
1756 1399 1894 1456 add]
1908 1397 2185 1442 instructus
2199 1399 2599 1454 Triangulorum

442 1456 819 1511 spnaericorum
839 1456 1076 1508 scientia,
1097 1455 1448 1500 Astronomiae
1463 1456 1767 1510 penetralia
1783 1456 2007 1511 ingredi,
2028 1456 2256 1511 artisque
2272 1468 2399 1501 vera
2413 1457 2603 1501 funda-

444 1516 624 1557 menta
646 1514 986 1567 introspicere
1006 1516 1243 1567 conatur,
1271 1515 1558 1557 Fortunam
1579 1514 1664 1572 (vt
1679 1514 1789 1557 dici
1805 1513 1959 1572 solet)
1976 1515 2196 1558 inuocet
2211 1517 2257 1559 D
2317 1526 2361 1558 ν.
2379 1515 2431 1559 21
2459 1516 2602 1573 01301]

447 1572 630 1615 uenIat
654 1574 687 1615 P
746 1584 789 1616 ν.
814 1572 872 1615 22
900 1572 1234 1616 obseruatum
1265 1571 1526 1616 hactenus
1556 1572 1785 1616 habeam
1815 1574 1849 1615 P
1908 1584 1952 1617 ν.
1977 1573 2034 1617 24
2061 1574 2256 1631 motus]
2285 1584 2542 1617 numeros
2569 1575 2603 1616 P

443 1642 486 1674 v.
506 1630 562 1674 27
582 1632 916 1689 caeterarum]
937 1631 1312 1684 aBumptarum
1336 1633 1370 1674 P
1428 1642 1472 1674 ν.
1491 1631 1549 1675 30
1563 1630 1923 1688 publicentur]
1938 1632 2208 1685 prodeant
2222 1633 2256 1674 P
2314 1642 2358 1676 ν.
2377 1631 2435 1675 34
2453 1631 2526 1689 58]
2546 1632 2604 1674 59

444 1690 490 1731 D
505 1702 645 1732 man.
661 1701 764 1732 sec.
780 1691 814 1732 P
873 1700 916 1733 ν.
936 1689 1110 1733 34-35
1132 1688 1597 1747 Quemadmodum
1616 1722 1626 1732 .
1645 1722 1655 1733 .
1673 1722 1684 1733 .
1700 1689 1887 1732 inueni
1899 1691 1996 1732 del.
2013 1691 2058 1732 D
2074 1702 2213 1733 man.
2230 1701 2333 1734 000.
2395 1700 2438 1733 ν.
2452 1684 2509 1733 37
2527 1690 2602 1747 22]

448 1748 503 1790 17
519 1748 565 1790 D
585 1759 725 1790 man.
747 1759 873 1791 sec.:
907 1748 963 1790 17
983 1746 1097 1790 sere
1117 1749 1150 1790 P
1237 1747 1312 1805 20]
1342 1748 1396 1790 19
1415 1749 1461 1790 D
1481 1760 1622 1791 man.
1643 1759 1746 1791 000.
1768 1749 1802 1790 P
1861 1758 1905 1791 ν.
1924 1747 1976 1791 41
2006 1747 2311 1791 interiedtos
2328 1748 2418 1806 TP]
2443 1747 2602 1791 inter-

443 1804 611 1906 iedtgs
636 1806 739 1863 ED]
799 1816 844 1849 ν.
869 1805 926 1849 42
951 1806 1022 1849 62.
1049 1805 1097 1850 G
1122 1805 1303 1849 minus
1326 1806 1370 1849 2.
1398 1806 1474 1863 M]
1500 1806 1558 1849 62
1582 1804 1694 1848 sere
1720 1806 1982 1860 graduum
2011 1807 2057 1849 D
2083 1819 2223 1850 man.
2250 1818 2377 1851 sec.:
2408 1806 2466 1849 62
2489 1805 2602 1849 fere

445 1874 539 1918 gra
583 1874 647 1906 us
665 1865 714 1906 P.

513 1933 559 1975 p.
579 1921 635 1965 24
653 1932 698 1965 ν.
717 1921 745 1964 2
770 1932 875 1975 quo
900 1923 971 1965 ad
994 1922 1299 1978 (posteriore
1325 1922 1464 1979 1000)
1488 1923 1587 1966 del.
1617 1922 1661 1964 D
1687 1934 1827 1966 man.
1854 1934 1982 1966 sec.:
2010 1934 2114 1966 om.
2141 1923 2175 1965 P
2234 1933 2278 1966 ν.
2297 1922 2326 1966 3
2350 1923 2407 1965 01
2426 1922 2605 1966 latitu-

445 1980 624 2023 dinem
653 1992 756 2023 om.
781 1982 873 2024 EP:
897 1981 1014 2024 add.
1035 1981 1074 2023 T
1093 1992 1216 2023 cum
1242 1981 1288 2023 D
1348 1991 1392 2023 ν.
1411 1980 1527 2023 5-6
1549 1979 1919 2034 saepenumero
1940 2014 1950 2023 .
1968 2013 1979 2025 .
1998 2013 2008 2024 .
2031 1979 2398 2024 obseruatione
2425 1991 2528 2024 om.
2556 1980 2602 2023 D

443 2049 487 2081 ν.
512 2038 540 2081 6
571 2037 767 2091 elapsis
798 2038 905 2081 iam
938 2037 1210 2081 mensibus
1238 2037 1335 2081 sex
1360 2051 1464 2082 om.
1493 2040 1526 2081 P
1614 2037 1885 2082 mensibus
1914 2038 2026 2096 sex]
2054 2038 2302 2093 pluribus
2332 2038 2526 2082 diebus
2557 2039 2603 2082 D

444 2107 488 2139 ν.
513 2096 541 2139 7
571 2095 626 2139 in
657 2098 797 2151 (ante
827 2097 965 2153 1000)
996 2108 1099 2140 om.
1130 2098 1176 2139 D
1205 2109 1346 2140 man.
1376 2109 1451 2151 pr.
1532 2107 1575 2140 ν.
1601 2096 1629 2139 8
1660 2095 1863 2140 odtauae
1889 2096 2114 2151 spbaerae
2143 2108 2247 2140 om.
2279 2097 2325 2140 D
2354 2109 2495 2141 man.
2525 2108 2601 2152 pr.

443 2165 488 2197 v.
513 2154 570 2197 23
598 2155 862 2212 cernatur]
890 2153 1154 2209 spectetur
1176 2157 1210 2198 P
1280 2166 1324 2198 ν.
1349 2154 1406 2198 26
1436 2158 1556 2210 post
1583 2155 1678 2198 aut
1702 2156 1821 2199 add.
1855 2166 1983 2198 vero
2011 2156 2057 2198 D
2087 2168 2227 2198 man.
2254 2167 2330 2210 pr.
2357 2155 2410 2200 in
2438 2167 2601 2211 marg.

444 2223 488 2256 v.
513 2212 686 2256 27—28
710 2212 1094 2266 indagauimus
1115 2246 1125 2256 .
1144 2246 1154 2256 .
1173 2246 1183 2256 .
1205 2213 1365 2256 modo
1392 2225 1496 2257 om.
1519 2214 1565 2256 D
1631 2223 1675 2256 ν.
1694 2212 1752 2255 27
1778 2213 1865 2270 an]
1891 2224 2017 2256 num
2040 2215 2072 2255 P
2138 2223 2182 2257 ν.
2200 2213 2258 2257 28
2283 2212 2426 2257 inter
2445 2213 2603 2270 hanc]

445 2270 608 2314 huius
622 2271 668 2313 D
682 2283 821 2314 man.
837 2283 940 2315 sec.
956 2273 990 2314 P
1049 2282 1093 2314 v.
1105 2271 1163 2315 30
1185 2272 1385 2314 tantum
1401 2271 1658 2325 gradibus
1673 2270 1765 2314 sex
1778 2272 1811 2314 P
1864 2282 1908 2315 ν.
1921 2271 1978 2315 33
1997 2270 2109 2314 fere
2125 2283 2228 2315 om.
2243 2272 2288 2314 D
2343 2281 2388 2315 ν.
2400 2271 2457 2315 38
2475 2271 2605 2314 stel-

443 2330 552 2430 ltam
575 2329 671 2430 εἰς.
694 2330 739 2372 D
760 2342 899 2373 man.
922 2341 1048 2374 sec.:
1072 2341 1176 2373 om.
1198 2331 1232 2372 P
1297 2341 1340 2373 ν.
1359 2329 1522 2383 39-p.
1541 2329 1599 2372 25
1616 2340 1660 2373 v.
1679 2329 1708 2372 2
1731 2328 1891 2373 Alias
1914 2361 1953 2373 ..
1971 2361 1981 2372 .
2006 2328 2357 2388 Quapropter]
2377 2330 2434 2373 et
2444 2339 2606 2384 prop-

466 2397 592 2430 erea
664 2420 675 2431 .

514 2457 559 2498 p.
579 2445 637 2488 25
661 2456 706 2489 v.
728 2446 746 2489 1
777 2445 832 2488 in
858 2445 1144 2489 altitudine
1172 2458 1276 2489 om.
1303 2447 1337 2488 P
1396 2455 1440 2489 ν.
1459 2445 1487 2489 4
1515 2445 1657 2489 110110
1679 2478 1689 2488 .
1709 2478 1719 2488 .
1737 2478 1748 2489 .
1770 2445 1874 2489 erit
1895 2457 2000 2490 om.
2029 2447 2075 2489 D
2135 2456 2180 2489 v.
2198 2445 2344 2490 8-10
2368 2445 2605 2489 circulus

445 2503 803 2547 Meridianum
821 2503 1158 2558 praecipuum
1179 2503 1489 2547 uerticalem
1513 2504 1704 2547 extimi
1719 2503 1866 2557 Coeli,
1888 2504 1942 2547 in
1958 2514 2063 2558 quo
2074 2505 2195 2547 loca
2210 2503 2447 2547 omnium
2465 2502 2606 2547 Stel-

445 2563 615 2605 larum
643 2561 1044 2605 considerantur
1063 2562 1455 2616 repraesentans
1479 2563 1513 2605 P
1537 2565 1553 2618 (
1557 2562 1892 2617 praecipuum
1920 2566 1971 2606 et
1996 2562 2187 2605 extimi
2215 2561 2350 2606 Coeli
2373 2562 2532 2606 etiam
2557 2562 2603 2604 D

446 2632 585 2663 man.
607 2620 732 2677 000.)
791 2631 835 2663 ν.
858 2620 911 2663 10
938 2620 1000 2663 lit
1019 2621 1326 2677 (posteriore
1350 2621 1489 2676 loco)
1515 2622 1611 2664 del.
1634 2621 1680 2663 D
1706 2633 1845 2664 man.
1868 2632 1994 2664 sec.:
2018 2632 2123 2664 om.
2143 2622 2177 2663 P
2235 2631 2280 2664 ν.
2303 2620 2351 2663 11
2382 2623 2500 2674 post
2523 2619 2606 2662 in-

444 2677 604 2732 super
613 2679 731 2722 add.
746 2678 962 2732 superD
1019 2689 1063 2722 ν.
1083 2678 1250 2722 20-21
1275 2679 1478 2722 nullam
1499 2677 1814 2736 sensibilem]
1834 2678 2037 2722 nullius
2057 2677 2332 2736 [sensibilis
2351 2678 2403 2721 in
2421 2677 2604 2735 marg]

445 2736 641 2779 Minuti
659 2738 704 2779 D
764 2747 808 2781 ν.
828 2737 885 2780 25
912 2738 1065 2781 terrae
1088 2738 1185 2781 del.
1209 2738 1255 2780 D
1276 2749 1415 2780 man.
1437 2748 1565 2781 sec.:
1595 2749 1699 2781 om.
1721 2738 1755 2780 P
1814 2747 1858 2780 ν.
1877 2736 1934 2780 29
1959 2736 2140 2791 itaque
2165 2737 2218 2779 in
2246 2747 2374 2780 vero
2399 2747 2535 2780 corr.
2558 2736 2604 2778 D

445 2807 584 2838 man.
607 2807 699 2849 pr.‚
721 2799 773 2838 et
791 2795 865 2839 sic
885 2797 919 2838 P
983 2806 1027 2839 ν.
1046 2795 1104 2840 30
1127 2795 1332 2838 habeat
1347 2796 1381 2838 P
1399 2795 1511 2851 (per
1529 2795 1783 2851 errorem)
1847 2805 1892 2839 v.
1910 2794 1968 2839 33
1988 2793 2263 2852 producta]
2278 2794 2539 2849 prodiens
2557 2794 2603 2837 D

446 2866 585 2896 man.
607 2865 710 2897 000.
732 2855 766 2896 P
855 2853 974 2898 haec
1000 2855 1051 2897 in
1077 2854 1180 2897 1100
1207 2865 1341 2897 corr.
1364 2854 1410 2896 D
1436 2857 1488 2897 et
1512 2854 1586 2897 sio
1611 2855 1646 2897 P
1704 2864 1749 2897 ν.
1768 2853 1826 2897 34
1852 2853 1996 2911 vero]
2021 2852 2182 2907 igitur
2206 2854 2252 2896 D
2279 2865 2419 2896 man.
2441 2863 2544 2896 000.
2571 2853 2605 2894 P

444 2922 489 2955 v.
514 2911 572 2954 35
595 2910 785 2955 Minut.
812 2912 857 2969 5]
877 2912 1128 2966 proxime
1155 2913 1200 2955 D
1228 2924 1367 2955 man.
1395 2922 1499 2956 sec.
1527 2913 1575 2964 P,
1603 2913 1691 2967 qui
1717 2912 1861 2955 addit
1885 2922 2059 2966 neque
2085 2910 2228 2954 enim
2251 2910 2342 2954 hic
2362 2908 2605 2965 ραι-01110

447 2980 645 3023 magna
670 2970 957 3024 requiritur
1010 2981 1055 3014 v.
1074 2970 1132 3014 37
1157 2968 1454 3027 hypothesi]
1481 2969 1860 3014 construetione
1885 2972 1919 3013 P
1982 2981 2026 3013 ν.
2044 2969 2102 3013 38
2126 2969 2531 3013 semidiametur
2546 2969 2602 3011 E:

447 3028 771 3072 correximus
859 3028 1202 3086 ignorabitur]
1221 3028 1412 3071 lateb1't
1426 3029 1474 3071 P.

516 3097 561 3139 p.
580 3085 637 3129 26
656 3087 878 3142 figuram
898 3087 1099 3141 praebet
1118 3088 1154 3129 E
1173 3088 1226 3130 in
1246 3087 1332 3131 fol.
1356 3087 1393 3129 C
1412 3087 1469 3129 2ν
1528 3096 1572 3130 ν.
1591 3086 1619 3130 9
1637 3089 1756 3141 post
1776 3085 1924 3131 ROA
1948 3086 2066 3130 add.
2088 3084 2318 3140 aequalis
2337 3083 2412 3128 011
2428 3085 2491 3135 D,
2512 3084 2606 3128 sed

448 3145 636 3188 delevit
694 3155 738 3188 ν.
762 3144 919 3198 13-ρ.
938 3144 996 3188 27
1014 3156 1057 3189 ν.
1077 3145 1105 3187 3
1123 3156 1249 3188 nam
1274 3177 1284 3187 .
1303 3178 1313 3188 .
1331 3177 1342 3188 .
1364 3144 1661 3199 intercepto
1681 3157 1785 3188 om.
1807 3145 1869 3188 D.

517 3213 562 3255 p.
581 3202 638 3244 27
656 3213 700 3245 ν.
719 3202 747 3245 3
767 3206 887 3246 ante
907 3202 1010 3245 erit
1026 3204 1144 3247 add.
1167 3202 1328 3246 etiam
1352 3204 1397 3245 D
1463 3214 1508 3246 ν.
1526 3202 1555 3246 6
1574 3206 1693 3257 post
1711 3201 2140 3257 conspiciebatur
2154 3201 2273 3244 add.
2295 3200 2335 3244 si
2350 3201 2406 3244 in
2421 3199 2606 3255 proxi-

446 3271 536 3302 ma
556 3260 894 3303 concauitate
917 3260 1075 3306 Orbis
1096 3262 1266 3305 Lunae
1286 3260 1556 3304 effulsisset
1571 3263 1604 3303 P
1672 3271 1716 3304 v.
1735 3261 1764 3304 9
1788 3260 1950 3318 aeris]
1971 3260 2371 3303 Elementorum
2393 3260 2427 3302 P
2485 3267 2529 3302 ν.
2551 3257 2606 3301 10

448 3317 627 3361 orbem
651 3318 821 3363 Lunae
843 3320 889 3362 D
961 3330 1005 3362 ν.
1028 3319 1082 3362 12
1109 3319 1296 3377 Lunae]
1322 3319 1590 3362 Lunarem
1612 3320 1646 3362 P
1717 3330 1761 3363 ν.
1781 3319 1832 3362 21
1862 3318 1974 3376 sex]
2000 3318 2223 3362 duorum
2252 3318 2319 3360 D:
2347 3316 2552 3371 aliquot
2572 3317 2606 3359 P
