2730 4264
408 321 499 371 164
1134 315 1836 369 COMPOSITIONES

409 462 509 523 qui
522 458 614 509 vel
628 457 924 521 Epilepfiae
934 455 1378 519 velApoplexiae
1393 461 1492 506 aut
1505 454 1783 519 Paralylis
1797 454 2162 518 aliorumque
2176 454 2445 507 fimilium
2458 471 2559 507 no-

408 532 565 580 mine
584 530 840 578 veniunt.
869 522 889 593 ΙΙ
915 526 974 577 Si
1000 526 1227 577 additus
1245 524 1416 575 fuerit
1435 524 1508 574 ad
1529 523 1905 587 digerendum
1923 524 2116 587 liquor
2142 526 2181 585 ς(
2210 524 2322 576 five
2342 528 2562 589 argenti
2603 535 2659 578 4v

408 598 605 650 viridis
617 603 715 648 aut
727 596 1008 647 caeruleus
1019 609 1124 657 pro
1136 593 1440 644 centesima
1449 593 1648 644 saltem
1658 600 1818 656 parte
1829 595 2003 645 totius
2012 594 2254 657 liquoris
2265 593 2498 646 extracti
2509 601 2563 646 et

410 669 688 731 depurati‚
698 666 850 716 credi
857 667 953 715 vix
965 663 1444 727 potest‚quantum
1455 669 1735 726 augeatur
1741 666 1922 714 virtus
1932 663 2340 714 medicamenti
2349 679 2471 715 non
2480 664 2562 715 so-

408 738 532 788 lum
546 739 606 786 in
621 733 781 786 dictis
791 735 1007 784 morbis
1017 733 1110 783 sed
1122 732 1392 782 omnibus
1403 731 1634 795 insuper
1645 732 1860 783 cerebri
1872 731 2184 784 affectibus
2199 733 2378 784 Potest
2390 736 2563 784 etiam
2611 751 2633 785 5

410 823 482 857 ex
496 805 613 868 ipso
624 803 853 855 vitriolo
866 805 1085 866 optimo
1097 802 1363 852 Romano
1374 801 1467 852 vel
1478 801 1787 865 Ungaric0‚
1799 809 1899 853 aut
1911 802 2067 865 quod
2080 805 2263 866 magis
2276 803 2566 866 praestaret

411 876 627 939 Cyprio
648 880 701 924 et
721 872 939 923 Perfico
967 871 1165 933 (modo
1188 870 1390 921 haberi
1414 871 1609 934 queat)
1635 874 1829 934 parari
1854 872 2046 935 liquor
2071 872 2564 934 praestantissimus‚

409 945 520 995 five
542 943 739 994 oleum
759 941 1053 1004 quoddam
1074 940 1359 1000 subdulce,
1380 940 1555 991 suave
1570 948 1624 991 et
1638 940 1993 992 odoriferum
2007 947 2181 1004 atque
2194 941 2565 1005 pellucidum,

410 1014 566 1077 quod
586 1028 706 1063 non
725 1011 923 1062 saltem
943 1010 1052 1061 hos
1071 1009 1322 1069 morbos,
1350 1010 1421 1061 de
1442 1010 1651 1073 quibus
1671 1025 1828 1061 nune
1849 1009 2078 1071 dictum,
2104 1010 2198 1062 sed
2225 1014 2400 1063 etiam
2419 1011 2565 1062 mul-

408 1091 496 1135 tos
517 1082 662 1133 alios
682 1095 947 1144 peneque
968 1094 1172 1131 omnes
1191 1078 1438 1131 humani
1459 1082 1714 1143 corporis
1735 1078 2067 1132 affefflones
2081 1084 2307 1145 corrigit
2322 1088 2375 1132 et
2389 1087 2565 1141 curat,
2619 1098 2659 1132 ιο

411 1159 695 1216 quatenus
722 1165 843 1201 non
869 1149 1205 1200 omnimode
1232 1149 1581 1200 incurabiles
1605 1149 1749 1200 sunt.
1777 1149 1972 1201 Habet
1993 1152 2167 1202 etiam
2186 1150 2481 1202 vitriolum
2507 1153 2569 1201 in

408 1223 463 1273 se
484 1221 769 1272 occultam
790 1220 1089 1282 quandam
1112 1225 1166 1270 et
1187 1219 1540 1283 spiritualem
1566 1222 1694 1270 auri
1719 1227 2008 1280 naturam,
2035 1223 2115 1271 ita
2140 1226 2202 1271 ut
2227 1236 2350 1271 non
2373 1223 2569 1271 minus

410 1307 588 1355 quam
608 1292 737 1341 auri
758 1290 982 1340 essentia
1002 1289 1114 1340 five
1134 1287 1381 1341 tinctura
1400 1298 1501 1340 aut
1520 1288 1712 1352 liquor
1730 1289 1998 1352 potabilis
2020 1290 2278 1353 (quando
2298 1290 2426 1341 haec
2445 1290 2568 1341 sub-

409 1362 580 1412 tiliter
606 1367 659 1411 et
685 1359 896 1423 absque
919 1361 1142 1410 nocivis
1161 1358 1567 1410 additamentis
1586 1358 1789 1410 haberi
1809 1359 2046 1422 queant)
2069 1359 2448 1411 confortando
2467 1375 2569 1411 na-

409 1439 600 1482 turam
615 1445 685 1481 ea
699 1445 832 1493 quae
846 1429 947 1492 ipfi
961 1428 1249 1480 obstaculo
1263 1429 1390 1480 sunt
1403 1428 1686 1492 propellit,
1702 1431 1821 1480 imo
1836 1431 1898 1480 in
1912 1429 2252 1493 quibusdam
2265 1429 2568 1493 plusquam
2622 1446 2661 1480 15

409 1501 529 1564 ipsa
542 1503 671 1551 auri
684 1497 931 1551 tindtura
946 1514 1079 1550 cum
1093 1498 1194 1550 sua
1206 1498 1599 1562 spiritualitate
1614 1501 1780 1550 citius
1795 1505 1849 1550 et
1861 1502 2045 1563 magis
2058 1506 2315 1563 penetret
2327 1506 2381 1550 et
2390 1514 2570 1551 mem-

409 1572 513 1623 bra
531 1569 943 1634 principaliora
962 1575 1117 1632 petat
1138 1575 1192 1620 et
1212 1569 1557 1620 corroboret.
1583 1569 1723 1620 Eius
1742 1575 1939 1620 autem
1958 1571 2306 1633 praeparatio
2325 1569 2572 1620 breviter

412 1647 465 1692 et
493 1640 823 1691 summatim
855 1639 1108 1703 expolita
1139 1641 1201 1689 in
1231 1638 1389 1689 hunc
1419 1639 1662 1690 modum
1690 1638 1745 1689 se
1774 1638 1963 1690 habet.
1991 1639 2220 1690 Vitrioli
2247 1637 2573 1691 selectissimi

412 1713 537 1762 eius
553 1712 778 1774 generis
792 1709 862 1760 de
878 1725 995 1772 quo
1010 1709 1129 1760 dixi
1144 1710 1446 1772 capiantur
1461 1708 1623 1760 librae
1638 1708 1712 1759 ad
1726 1711 2037 1759 minimum
2050 1709 2134 1760 40.
2151 1709 2308 1772 quod
2320 1712 2383 1760 in
2395 1724 2572 1772 vapo·
2591 1756 2594 1757 γ

411 1783 565 1832 13110
585 1782 840 1843 primum
853 1779 1032 1842 usque
1047 1779 1121 1830 ad
1136 1778 1465 1830 albedinem
1479 1778 1822 1830 exsiccatum
1835 1778 2151 1830 resolvatur
2162 1779 2404 1842 limpida
2417 1793 2574 1842 aqua
2621 1795 2665 1830 20

412 1858 466 1902 et
486 1848 719 1902 abiectis
739 1849 977 1900 faecibus
992 1849 1186 1900 denuo
1199 1849 1525 1900 incrassetur
1539 1855 1713 1911 atque
1727 1848 1928 1900 leviter
1943 1848 2265 1909 exsiccetur,
2284 1849 2459 1912 idque
2473 1848 2574 1900 fiat

411 1920 607 1972 multis
626 1919 864 1979 vicibuS,
892 1920 1076 1970 donec
1097 1921 1408 1970 exteriores
1429 1925 1483 1970 et
1503 1919 1789 1970 crassiores
1808 1918 1981 1970 faeces
2000 1918 2265 1970 amiserit.
2291 1918 2488 1970 Postea
2512 1921 2575 1970 in

411 1991 866 2042 reverberatorio
881 1989 1074 2040 clauso
1084 1988 1328 2040 vasculis
1342 1988 1584 2040 fortibus
1600 1997 1654 2040 et
1666 1988 1967 2052 spirituum
1980 1992 2440 2053 penetrationem
2453 2003 2575 2039 non

412 2060 844 2112 admittentibus
863 2059 1148 2110 inclusum
1169 2066 1223 2110 et
1240 2059 1388 2110 bene
1409 2059 1742 2110 obturatum
1756 2058 2045 2123 digeratur
2057 2059 2335 2110 mediocri
2349 2054 2370 2125 ΙΙ
2384 2058 2575 2116 631016
2617 2067 2667 2108 5r

411 2131 704 2182 successive
731 2128 916 2189 audio,
944 2130 1129 2180 donec
1152 2128 1419 2180 rubedini
1438 2131 1879 2193 appropinquet.
1906 2128 2103 2180 Postea
2126 2135 2289 2180 aceto
2308 2128 2575 2180 stillatitio
2623 2144 2667 2178 25

412 2200 728 2252 resolvatur
743 2207 796 2251 et
809 2199 1050 2259 lavetur,
1071 2205 1134 2250 ut
1150 2201 1325 2263 priuS‚
1347 2214 1504 2262 aqua
1521 2199 1832 2263 denuoque
1853 2198 2175 2259 exsiccetur,
2198 2205 2251 2251 et
2269 2198 2448 2262 paulo
2464 2197 2576 2250 for-

412 2273 544 2322 tiori
564 2270 756 2321 calore
777 2269 1002 2321 occluso
1022 2276 1221 2321 tamen
1240 2269 1651 2329 reverberetur,
1673 2276 1736 2322 ut
1754 2272 1931 2332 prius,
1952 2284 2055 2333 per
2074 2269 2196 2320 dies
2216 2269 2287 2320 14.
2303 2269 2477 2332 idque
2491 2283 2576 2319 re-

412 2347 640 2404 petatur
677 2340 1001 2403 aliquotieS‚
1040 2340 1224 2391 donec
1261 2339 1631 2391 interioribus
1669 2342 1844 2390 etiam
1881 2338 2120 2391 faecibus
2156 2338 2465 2390 liberatum
2498 2337 2576 2389 fit.

413 2411 609 2462 Postea
623 2416 819 2461 autem
830 2412 891 2460 in
901 2409 1305 2473 posterioribus
1321 2409 1700 2461 solutionibus
1718 2424 1853 2460 cum
1870 2415 2034 2461 aceto
2051 2408 2326 2461 destillato
2346 2408 2578 2460 miscea-

412 2488 505 2532 tur
525 2483 587 2531 in
607 2480 849 2531 dimidia
863 2483 1183 2543 quantitate
1197 2482 1319 2530 vini
1332 2479 1558 2543 spiritus
1573 2479 1904 2543 depuratuS,
1926 2486 1980 2531 et
1998 2480 2235 2531 tandem
2248 2481 2310 2530 in
2322 2478 2442 2530 solo
2455 2480 2577 2530 vini
2625 2493 2670 2529 30

413 2551 610 2615 spiritu
640 2550 742 2601 fiat
772 2550 1043 2601 resolutio
1074 2557 1159 2601 ter
1189 2549 1283 2600 vel
1314 2556 1533 2613 quater,
1569 2549 1898 2613 interposita
1927 2549 2304 2614 separatione,
2340 2548 2577 2600 exficca-

414 2624 571 2673 tione
599 2627 652 2671 et
677 2620 1001 2684 digestione,
1027 2620 1270 2671 lentiore
1296 2626 1494 2671 tamen
1517 2619 1710 2671 calore
1730 2634 1910 2683 quam
1929 2626 2118 2678 antea,
2145 2620 2320 2683 idque
2339 2621 2402 2670 in
2419 2620 2579 2671 vitris

413 2691 562 2742 bene
585 2690 779 2742 lutatis
806 2696 860 2740 et
886 2690 1181 2750 obturatiS‚
1209 2690 1394 2741 donec
1412 2689 1710 2741 vitriolum
1735 2689 2264 2741 rubicundissimum
2291 2695 2345 2740 et
2369 2689 2579 2753 purissi-

414 2777 579 2812 mum
604 2761 891 2812 redditum
918 2759 1281 2812 destillationi
1307 2766 1509 2822 aptum
1537 2759 1615 2819 fit,
1646 2775 1779 2823 quae
1805 2759 1931 2810 fieri
1957 2759 2124 2811 debet
2149 2762 2211 2810 in
2234 2761 2383 2810 vitro
2408 2757 2579 2810 firmo

416 2834 592 2883 etiam
620 2831 820 2890 lutat0,
850 2833 912 2881 in
941 2830 1142 2881 calidis
1171 2830 1459 2881 cineribus
1487 2829 1780 2881 successive
1810 2827 1979 2882 311ἂο
2007 2832 2155 2894 igne,
2185 2829 2370 2881 donec
2395 2835 2581 2880 totum
2628 2827 2696 2878 35'

416 2902 614 2953 oleum
627 2901 772 2952 illud
785 2900 1297 2965 praestantissimum
1309 2906 1363 2951 et
1373 2900 1904 2951 rubicundissimum
1918 2914 2020 2964 per
2031 2898 2380 2951 alembicum
2391 2892 2580 2950 ascen'-

418 2972 560 3023 dens
585 2974 646 3022 in
672 2970 1055 3035 antepofitum
1079 2985 1360 3035 magnum
1385 2969 1815 3033 receptaculum
1834 2972 2083 3021 vitreum
2106 2968 2470 3028 descenderit,
2496 2984 2580 3020 re-

418 3040 549 3094 licto
569 3044 631 3092 in
650 3041 833 3092 fundo
853 3040 985 3093 Sale
1007 3041 1309 3100 albicante,
1337 3042 1430 3092 cui
1456 3040 1651 3091 denuo
1678 3042 1951 3104 coniungi
1976 3039 2152 3103 potest
2177 3045 2351 3103 atque
2377 3054 2479 3102 per
2501 3038 2581 3090 di-

417 3111 727 3176 gestionem
740 3111 1091 3163 menstruam
1104 3110 1388 3175 paulatim
1399 3112 1570 3168 uniri,
1585 3110 1904 3174 rursusque,
1917 3109 1957 3161 fi
1967 3109 2140 3170 lubet,
2153 3110 2287 3161 inde
2299 3108 2581 3168 destillari,

419 3188 519 3233 aut
538 3181 705 3232 fimul
723 3196 962 3233 manere
983 3181 1367 3245 permittendo
1389 3196 1522 3232 cum
1535 3180 1638 3231 suo
1651 3179 1765 3232 sale
1783 3179 2105 3240 efficaciter,
2128 3195 2215 3239 60,
2236 3182 2320 3230 uti
2340 3179 2474 3238 dixi,
2499 3180 2582 3230 uti
2629 3192 2674 3227 40

418 3258 596 3316 poteS.
619 3251 678 3303 Si
698 3249 847 3302 red’te
866 3253 1164 3315 paraveris
1185 3257 1358 3315 atque
1378 3252 1686 3310 inveneris,
1708 3266 1812 3315 age
1833 3249 1996 3302 DEO
2017 3251 2243 3314 gratias.

2532 3387 2581 3438 3.
