2730 4264
471 341 573 392 226
1147 339 1424 391 VARIAE
1450 296 1943 392 SCRIPTURRAE

471 476 632 520 etiam
662 482 726 527 (tae
744 476 918 530 Motuj
929 477 1151 529 propter
1166 473 1597 527 aequinodtiorum
1619 474 1857 517 citiorem
1879 475 2083 519 Motum
2106 477 2377 520 adduntur
2395 476 2449 520 13
2465 477 2617 535 [corr.

470 547 534 578 ex
559 535 666 591 14]¹‚
689 536 854 588 patet,
883 534 1006 587 quia
1031 537 1154 575 tunc
1174 543 1295 574 cum
1316 532 1474 586 juxta
1495 533 1637 575 Prut.
1659 533 1760 575 cal.
1782 533 1912 576 es3et
1926 534 2070 576 Med.
2094 534 2270 588 eclips.
2291 534 2393 578 fuit
2417 541 2444 586 (t
2471 535 2526 578 in
2545 536 2617 579 26.

470 593 541 635 42.
557 594 602 647 Π
623 594 772 649 [corr.
795 604 859 635 ex
881 592 950 647 ,eq
971 591 1150 644 itaque
1171 591 1199 632 9
1217 590 1421 633 minuta
1442 589 1731 633 deficiebat
1747 601 1868 644 quae
1886 590 2128 634 efficiunt
2147 591 2350 635 minuta
2374 594 2442 646 17,
2462 593 2625 648 igitur

470 651 796 693 considerato
810 650 950 703 quod
963 649 1199 691 medium
1214 647 1427 701 eclipsis
1433 647 1590 702 juxta
1599 648 1942 692 Prutenicum
1958 650 2226 692 calculum
2242 650 2297 693 in
2310 661 2438 694 vera
2452 651 2621 705 longi-

472 708 651 751 tudine
678 718 798 761 quae
823 707 896 749 est
919 706 990 749 37.
1012 706 1054 749 0.
1079 707 1136 748 vt
1153 705 1334 759 postea
1358 705 1694 759 deprehendi
1710 705 1773 749 fit
1787 707 1918 751 hora
1938 706 1978 750 8.
1999 707 2073 750 M.
2094 707 2138 751 0.
2158 707 2388 762 ideoque
2407 709 2620 763 eclipsis

469 767 632 809 huius
655 777 779 808 vera
800 763 1063 818 apparitio
1082 763 1136 805 in
1156 762 1337 806 medio
1356 763 1740 807 obscurationis
1753 765 2007 819 prouenit
2017 766 2083 808 H.
2097 765 2140 809 8.
2157 766 2230 809 M.
2250 767 2317 811 17.
2333 767 2476 820 quod
2491 766 2620 810 satis

469 824 726 877 exquisite
745 822 1028 876 respondet
1045 820 1411 876 obseruationj.

538 893 581 934 ρ.
602 882 658 924 54
676 892 718 924 v.
740 882 767 923 5
786 880 1061 936 exhibent]
1080 879 1431 933 suppeditant
1447 880 1492 922 V
1551 890 1595 924 v.
1614 879 1643 923 8
1664 881 1791 938 tum]
1811 891 1933 924 cum
1955 881 2002 924 V
2060 891 2104 925 v.
2126 881 2180 925 10
2200 882 2434 925 euadere
2449 882 2620 940 p0s3it]

468 940 667 982 evadat
682 940 728 981 V
787 949 830 981 v.
850 938 906 981 26
928 938 1003 994 23]
1023 937 1082 979 32
1100 938 1146 980 D
1207 948 1250 981 ν.
1269 937 1320 980 31
1351 942 1470 992 post
1488 937 1919 982 obseruationem
1943 940 2060 983 add.
2083 942 2337 993 quantum
2360 939 2621 984 hactenus

464 996 823 1050 pervestigare
843 996 995 1038 licuit
1010 996 1056 1038 V
1116 1005 1159 1039 v.
1179 994 1236 1038 33
1255 1000 1374 1050 post
1394 995 1777 1050 hypothesibus
1797 998 1914 1040 add.
1939 998 1987 1041 ἂ
2005 998 2248 1041 numeris
2266 998 2326 1041 V.

536 1067 578 1108 ρ.
600 1056 657 1098 55
675 1065 718 1098 ν.
742 1054 853 1097 1-3
880 1053 1057 1096 Veluti
1077 1085 1087 1095 .
1106 1086 1116 1097 .
1135 1085 1145 1096 .
1168 1054 1584 1097 emendauimus
1605 1055 1764 1098 om.V
1823 1065 1867 1098 v.
1890 1055 1943 1099 10
1961 1054 2033 1098 35.
2049 1055 2302 1113 partium]
2318 1057 2453 1110 part.
2475 1056 2556 1104 362
2575 1057 2620 1100 V

466 1123 509 1156 v.
534 1113 585 1155 13
611 1113 797 1169 Lunae]
818 1112 1000 1155 Locus
1024 1117 1052 1163 (ζ
1084 1111 1133 1154 V
1186 1122 1230 1156 v.
1253 1111 1424 1155 15-16
1448 1112 1607 1155 Nunc
1628 1145 1639 1155 .
1657 1144 1668 1155 .
1687 1145 1697 1155 .
1719 1112 1950 1156 consona
1978 1124 2081 1157 om.
2104 1114 2161 1156 D·
2209 1123 2254 1158 v.
2275 1114 2330 1157 16
2354 1118 2473 1169 post
2494 1125 2620 1158 con-

466 1171 590 1214 sona
618 1172 736 1214 add.
758 1181 859 1213 nec
879 1181 948 1212 ne
971 1170 1016 1212 V
1075 1180 1119 1213 v.
1142 1170 1195 1212 18
1220 1172 1277 1212 et
1298 1170 1582 1227 quomodo]
1610 1171 1665 1213 ut
1682 1170 1727 1213 V
1787 1180 1831 1214 v.
1849 1171 1908 1214 20
1931 1172 2206 1229 congruat]
2231 1182 2466 1226 congrua
2492 1172 2554 1215 fit
2574 1173 2621 1216 V

466 1234 583 1283 post
614 1239 714 1271 nec
745 1239 815 1270 ne
847 1229 965 1271 add.
999 1229 1055 1271 et
1083 1229 1350 1281 quatenus
1381 1228 1575 1282 reliqui
1603 1227 1803 1272 calculi
1831 1228 2174 1282 consentiant,
2208 1231 2296 1272 vel
2327 1229 2548 1274 devient
2575 1230 2620 1273 V

465 1298 507 1330 v.
521 1287 578 1330 23
599 1287 647 1330 8(
661 1287 821 1331 om.V
880 1297 922 1330 v.
937 1286 995 1329 24
1013 1290 1132 1340 post
1151 1287 1298 1329 nulla
1319 1287 1437 1329 add.
1454 1286 1508 1328 in
1517 1288 1769 1340 promptu
1784 1297 1927 1329 nunc
1940 1288 1986 1330 V
2077 1288 2125 1332 ἃ
2137 1287 2559 1341 exquisitiorom.
2573 1288 2620 1332 V

465 1355 507 1388 v.
527 1346 583 1387 27
603 1350 720 1399 post
738 1344 998 1387 liberatur
1013 1345 1131 1387 add.
1152 1344 1314 1397 idque
1337 1346 1442 1387 tam
1464 1344 1519 1387 in
1539 1344 1846 1398 incipiente,
1876 1356 2035 1399 quam
2066 1346 2214 1389 totali
2237 1346 2618 1399 obscuratione,

467 1403 515 1446 8(
527 1403 734 1456 pariter
749 1402 1045 1446 desinente:
1063 1403 1109 1445 V
1167 1412 1211 1446 v.
1230 1402 1288 1445 28
1311 1402 1489 1459 longe]
1509 1402 1732 1445 nimium
1753 1403 1800 1445 V
1887 1407 2006 1458 post
2024 1406 2372 1447 remouentur
2387 1405 2505 1448 add.
2528 1415 2620 1447 ne-

465 1472 569 1515 que
591 1463 769 1504 tamen
789 1460 870 1503 illi
887 1461 1175 1504 admodum
1194 1460 1513 1514 propinquae
1531 1460 1651 1504 sunt
1665 1461 1712 1503 V
1770 1471 1814 1505 v.
1834 1461 1890 1504 29
1916 1465 2036 1505 ante
2054 1461 2260 1506 habent
2275 1463 2393 1506 add.
2415 1462 2555 1506 alias
2575 1463 2620 1506 V

464 1530 506 1563 v.
526 1519 583 1562 30
608 1519 962 1576 altitudinem]
988 1518 1347 1562 elevationem
1368 1519 1414 1562 V
1476 1529 1520 1563 ν.
1539 1518 1598 1562 32
1616 1518 1958 1577 pertractare]
1984 1519 2225 1564 indicare
2243 1520 2290 1563 V
2354 1531 2398 1564 v.
2416 1520 2474 1564 35
2498 1521 2620 1564 har-

464 1578 659 1621 moniae
672 1579 724 1620 in
739 1579 809 1620 ad
822 1577 1156 1620 harmoniam
1174 1589 1308 1620 corr.
1324 1577 1371 1620 V
1418 1587 1462 1620 v.
1474 1577 1533 1620 36
1551 1578 1790 1621 motuum
1811 1581 1994 1632 postea
2015 1578 2189 1621 add.V
2277 1578 2418 1635 coeli]
2438 1577 2620 1622 Lumi-

462 1636 671 1678 narium
693 1637 738 1679 V
822 1636 1240 1692 praecipuarum]
1269 1645 1341 1678 ex
1363 1635 1660 1689 praecipuis
1689 1635 1734 1678 V
1793 1646 1836 1679 v.
1861 1636 1918 1679 37
1945 1639 2065 1691 post
2091 1635 2372 1680 Horizonti
2395 1637 2513 1681 add.
2543 1638 2620 1680 ut-

464 1705 675 1747 cunque
694 1694 740 1737 V
807 1704 852 1737 v.
871 1693 929 1737 38
952 1698 1071 1748 post
1096 1693 1238 1736 enim
1268 1694 1386 1736 add.
1407 1693 1499 1751 (vt
1519 1693 1659 1751 dixi)
1683 1694 1729 1737 D
1798 1704 1842 1738 v.
1861 1694 2023 1748 39—p.
2043 1694 2100 1738 56
2118 1705 2161 1738 ν.
2182 1695 2210 1738 7
2234 1694 2353 1738 Has
2373 1727 2384 1737 .
2403 1726 2415 1737 .
2432 1727 2443 1737 .
2465 1694 2621 1738 certi-

466 1752 720 1809 tudinem]
742 1751 901 1806 idque
920 1751 1105 1795 saltem
1127 1752 1181 1794 in
1201 1751 1329 1805 ipsis
1346 1752 1604 1805 gradibus
1620 1753 1709 1794 vel
1727 1762 1912 1795 eorum
1933 1752 2139 1806 quartis
2157 1763 2282 1796 nam
2297 1751 2620 1797 maiorscru-

458 1810 717 1864 pulositas
736 1810 790 1853 in
812 1811 914 1853 hoc
934 1810 1147 1864 negotio
1168 1809 1329 1853 otiosa
1349 1809 1424 1852 est
1442 1811 1503 1853 D.

533 1880 577 1922 p.
606 1869 662 1912 56
690 1880 733 1912 v.
766 1869 782 1911 1
812 1867 1150 1925 perscrutari]
1178 1868 1437 1922 aBignare
1465 1868 1511 1911 V
1599 1867 1756 1911 libuit
1779 1869 1830 1911 in
1857 1868 2009 1911 lubet
2033 1880 2168 1912 corr.
2192 1869 2239 1912 V
2297 1879 2341 1913 v.
2368 1869 2397 1913 3
2423 1869 2619 1926 locum]

466 1927 610 1969 usum
628 1928 673 1970 V
732 1938 775 1971 v.
795 1928 822 1969 7
841 1931 959 1981 post
978 1926 1351 1970 certitudinem
1373 1927 1492 1969 add.
1517 1927 1574 1969 ut
1590 1926 1658 1969 de
1672 1925 2043 1969 refradiionum
2058 1926 2464 1981 impedimentis
2477 1937 2620 1970 nunc

463 1985 598 2028 nihil
623 1985 827 2028 dicam:
851 1985 1033 2028 Aliam
1058 1995 1199 2037 vero,
1229 1985 1444 2028 volente
1462 1984 1596 2036 Deo,
1626 1984 1917 2038 aliquando
1942 1984 2192 2028 dabimus
2217 1985 2495 2038 rationem,
2519 1995 2626 2039 per

463 2043 788 2097 aequatorias
808 2054 839 2086 a
860 2042 1162 2086 Meridiano
1184 2042 1474 2095 distantias,
1503 2053 1625 2097 quae
1645 2042 1694 2086 ἃ
1707 2053 1860 2096 prom
1869 2043 1970 2086 tior
1985 2043 2250 2087 &certior
2269 2043 2383 2087 erit.
2410 2043 2620 2087 Interea

463 2101 534 2156 ijs
547 2101 760 2156 medijs,
776 2112 897 2155 quae
911 2112 1053 2144 nunc
1067 2102 1138 2144 ad
1151 2111 1348 2144 manus
1360 2100 1491 2153 sunt,
1507 2101 1746 2144 contenti
1756 2100 1921 2144 simus
1933 2101 1980 2144 V
2029 2112 2072 2145 v.
2086 2101 2144 2144 24
2163 2102 2620 2159 eleuatur1eleva-

466 2159 661 2203 tionem
683 2160 849 2203 habet
863 2160 909 2202 V
968 2170 1012 2202 v.
1030 2159 1087 2202 26
1110 2159 1295 2202 vltimo
1315 2170 1419 2202 om.
1442 2160 1487 2202 D
1577 2158 1822 2216 Eclipsis]
1849 2158 2232 2203 obscurationis
2251 2161 2297 2202 D
2357 2170 2402 2203 v.
2420 2158 2479 2204 30
2501 2163 2622 2215 post

463 2229 564 2261 nec
579 2229 647 2261 ne
662 2219 779 2261 add.
799 2220 906 2261 tum
928 2218 1090 2260 etiam
1111 2217 1305 2271 reliqui
1322 2219 1561 2260 motuum
1583 2217 1781 2260 calculi
1797 2217 2043 2271 conferri,
2063 2219 2224 2272 atque
2243 2217 2547 2261 examinari
2557 2218 2618 2270 V,

463 2277 551 2320 vbi
563 2281 676 2319 tum
689 2277 921 2331 sequitur
933 2275 1141 2320 ANNO
1149 2275 1238 2318 TA
1250 2276 1317 2318 TI
1318 2274 1364 2320 Ο
1376 2274 1651 2326 AVTORI
1652 2275 1707 2328 S,
1724 2287 1884 2329 quam
1897 2288 1994 2320 nos
2008 2277 2246 2320 dedimus
2259 2277 2312 2319 in
2325 2289 2374 2331 p.
2394 2276 2470 2320 131
2488 2288 2618 2331 sqq„

463 2339 514 2380 et
541 2337 592 2378 in
621 2336 854 2390 margine
882 2335 999 2378 haec
1028 2336 1284 2390 leguntur:
1315 2333 1506 2376 Dieses
1533 2332 1682 2376 schal
1709 2334 1809 2377 mit
1832 2333 2049 2377 kleiner
2073 2333 2323 2378 Cursiven
2352 2334 2504 2391 [oder
2526 2345 2621 2378 an-

466 2394 645 2446 tiquen
667 2397 849 2447 postea
871 2393 1009 2450 add.]
1028 2393 1330 2446 gedrucket
1350 2393 1580 2443 werden,
1603 2391 1695 2435 bisi
1713 2403 1783 2434 zu
1804 2393 1904 2435 der
1918 2393 2122 2436 andern
2141 2393 2309 2435 linien
2330 2393 2377 2450 [i.
2394 2404 2437 2436 e.
2455 2403 2621 2447 usque

465 2453 530 2494 ad
550 2452 711 2495 finem
732 2451 1111 2508 annotationis]
1134 2452 1214 2494 Ad
1232 2451 1393 2494 finem
1406 2461 1532 2494 vero
1554 2450 1903 2494 annotationis
1920 2451 2037 2495 haec
2051 2453 2287 2506 leguntur
2299 2452 2351 2494 in
2363 2451 2618 2507 margine:

462 2509 568 2552 Bis3
587 2521 656 2552 zu
678 2510 800 2552 dem
822 2510 999 2552 worde
1018 2507 1294 2560 hactenus,
1316 2508 1426 2552 das?
1438 2507 1587 2551 schal
1599 2508 1698 2551 mit
1708 2508 2038 2552 derkleinen
2057 2508 2308 2553 Cursiven
2322 2508 2624 2564 gedrucket

467 2569 697 2610 werden.
759 2578 804 2611 v.
822 2567 996 2611 30—32
1015 2566 1194 2621 Atque
1217 2600 1226 2610 .
1245 2600 1255 2611 .
1275 2600 1284 2610 .
1307 2565 1699 2623 aggrediemur]
1721 2565 1994 2610 Hactenus
2012 2566 2434 2611 Astronomicam
2456 2566 2621 2622 hujus

463 2626 689 2679 Eclipsis
709 2625 1201 2678 considerationem,
1213 2624 1373 2680 juxta
1395 2624 1634 2668 diversos
1653 2625 1911 2678 calcuIOS,
1935 2636 2040 2669 una
2054 2636 2175 2669 cum
2193 2625 2617 2669 observationum

462 2683 814 2737 experientia,
839 2683 1304 2738 pertractavimus,
1334 2682 1518 2726 Restat
1541 2693 1685 2726 nunc
1703 2682 2050 2737 Astrologica,
2080 2694 2202 2738 quae
2226 2683 2371 2726 citca
2397 2681 2620 2726 effecius

462 2742 698 2796 ejusdem
726 2742 974 2795 versatur,
1001 2741 1291 2796 praedictio.
1321 2741 1371 2784 A
1403 2751 1507 2795 qua
1537 2740 1753 2795 quidem
1781 2741 2014 2784 libenter
2036 2741 2437 2794 abfflneremus,
2462 2742 2624 2795 prout

463 2801 602 2843 alias
609 2800 938 2854 Astrologica
956 2800 1224 2853 vaticinia,
1243 2801 1332 2843 vel
1340 2798 1556 2854 prorsus
1571 2800 1831 2852 omittere,
1848 2801 1938 2842 vel
1943 2800 2168 2854 parcius
2181 2799 2443 2854 attingere
2455 2798 2620 2843 satius

463 2860 738 2902 ducimus:
768 2861 1004 2902 attamen
1034 2870 1156 2902 cum
1188 2859 1423 2912 optimus
1449 2857 1559 2910 ille,
1593 2857 1809 2912 optimae
1837 2858 2000 2901 etiam
2030 2857 2307 2902 memoriae
2334 2856 2618 2910 Pratensis,

463 2918 589 2960 dum
610 2917 664 2960 in
681 2917 824 2959 vivis
844 2917 985 2969 eBet,
1006 2919 1242 2971 cuperet,
1267 2918 1325 2960 ut
1333 2915 1597 2971 J‘udicium
1619 2916 1754 2959 illud
1765 2915 2152 2971 Astrologicum
2170 2915 2275 2960 una
2288 2915 2620 2970 imprimere-

465 2977 558 3028 tur,
590 2975 643 3018 in
671 2976 855 3019 libello
883 2975 976 3018 illo
1004 2975 1174 3019 nostro
1203 2977 1271 3018 de
1299 2973 1441 3018 nova
1469 2973 1633 3027 stella,
1664 2985 1821 3028 quem
1848 2973 1900 3017 is
1927 2974 2072 3029 typis
2091 2984 2165 3017 ex
2182 2973 2273 3018 sua
2289 2973 2551 3029 petitione
2571 2973 2620 3017 &r

463 3045 584 3077 meo
598 3034 842 3077 conces3u
858 3034 1105 3077 mandari
1116 3044 1243 3077 cura
1251 3033 1340 3086 vit,
1361 3043 1462 3076 nos
1478 3033 1639 3075 etiam
1654 3033 1804 3085 illud,
1822 3032 2307 3085 ututimmaturum,
2322 3042 2423 3075 nec
2437 3030 2622 3086 magni

459 3092 718 3145 ponderis
737 3092 810 3144 sit,
833 3092 921 3135 hic
940 3091 1339 3147 subjungemus,
1359 3091 1692 3145 paucisiimis
1710 3091 1766 3133 in
1786 3101 1852 3135 eo
1872 3091 2108 3144 mutatiS,
2131 3092 2220 3134 vel
2238 3089 2477 3146 adjectis,
2499 3099 2620 3144 quae

458 3150 789 3203 postmodum
822 3150 995 3193 obiter
1017 3150 1279 3204 relegenti
1304 3149 1688 3201 succurrerunt,
1716 3152 1879 3203 prout
1906 3150 2029 3193 tunc
2058 3159 2285 3204 quoque,
2319 3153 2376 3192 ut
2400 3147 2618 3203 epistola

462 3207 633 3251 nostra
654 3209 986 3251 antecedens
1007 3208 1242 3261 ostendit,
1264 3207 1363 3261 ipsi
1380 3206 1695 3250 indulsimus
1714 3207 1773 3251 V.

532 3277 577 3319 p.
597 3266 654 3308 57
682 3278 776 3320 pro
805 3268 972 3321 figura
999 3267 1116 3309 haec
1146 3267 1309 3310 verba
1337 3266 1539 3320 praebet
1556 3266 1623 3308 V:
1653 3265 1755 3308 Hir
1773 3264 1850 3308 sol
1875 3265 1985 3320 bey
2005 3264 2244 3319 gesetzet
2270 3265 2486 3314 werden
2510 3262 2620 3307 daB

463 3324 649 3380 [tunde
678 3329 862 3378 postea
891 3325 1029 3381 add.]
1063 3324 1266 3367 Thema
1296 3323 1434 3376 coeli,
1469 3324 1709 3366 welches
1735 3323 1791 3366 in
1820 3323 1944 3366 dem
1974 3323 2112 3367 buch
2139 3322 2441 3377 gedrucket
2461 3321 2535 3375 ist,
2564 3319 2619 3365 so
