2730 4264
1104 319 1520 372 CARMINA
2328 321 2420 374 175

570 464 726 515 Vivit
746 470 805 515 at
823 462 926 515 illa
945 468 1164 523 tamen,
1186 462 1436 515 Naturae
1457 461 1753 515 obstacula
1770 465 1932 515 vicit:

640 535 752 586 Pro
772 534 1007 586 modico
1028 540 1319 586 aeternum
1339 541 1604 599 tempore
1624 541 1858 599 tempus
1878 533 2072 594 habet,

568 605 975 669 AEthereil'que
995 608 1180 669 potita
1199 606 1371 657 bonis
1390 605 1667 658 mortalia
1685 608 1914 658 temnit:

639 677 748 729 Per
769 675 1194 730 CHRISTUM
1216 677 1381 729 Civis
1399 677 1722 743 legitimata
1740 677 1885 730 Poli.

144 804 166 838 ⁵
286 783 446 850 Obijt
468 783 623 835 Peste
644 784 826 835 Anno
854 783 1103 835 Domini
1130 782 1510 836 MDLXXVI
1537 784 1895 849 Septembris
1915 786 2009 838 die
2029 783 2243 838 XXIV.
2264 785 2423 837 Vixit

213 857 425 907 Annos
446 854 499 906 II
518 854 746 906 menses
765 853 850 906 XI
870 855 995 906 dies
1014 853 1099 906 XI
1119 854 1300 906 horas
1320 855 1420 907 XI.

285 925 506 978 MORS
527 942 647 990 quo
668 928 850 986 citior,
873 926 1115 986 dulcior,
1138 941 1259 990 quo
1278 926 1473 987 serior,
1495 930 1772 980 amarior.
1794 927 2190 980 KIRSTINAE
2211 928 2420 981 dulciss.

212 998 416 1050 filiolae
437 997 695 1050 naturali
714 1003 928 1062 praeter
948 1004 1184 1050 aetatem
1205 998 1500 1050 industriae
1523 1004 1578 1050 et
1596 1006 1845 1052 moratae
1865 1000 2036 1052 Pater
2055 999 2115 1052 F.
2139 1006 2194 1053 et
2213 1000 2272 1052 P.

215 1209 264 1255 [E
291 1210 395 1246 Petri
421 1210 633 1246 Gassendi
661 1210 878 1255 Tychonis
904 1211 1065 1246 Brabei
1088 1211 1183 1247 Vita
1211 1210 1398 1254 (Parisiis
1428 1211 1535 1255 1654)
1561 1222 1599 1257 p.
1620 1211 1707 1253 300:
1740 1211 1789 1248 cf.
1811 1212 1850 1248 P.
1870 1212 1903 1257 J.
1924 1211 2092 1248 Resenii
2117 1212 2423 1259 Inscriptiones

125 1260 166 1295 10
307 1258 565 1294 Haffniense

566 1269 590 1294 s
611 1257 816 1300 (Hauniae
841 1259 946 1301 1668)
968 1269 1007 1303 p.
1027 1259 1094 1294 331
1118 1257 1196 1304 sq.]

317 1357 1088 1419 FUNDAMENTALI
1120 1358 1716 1421 URANIBURGI
1746 1359 2060 1421 LAPIDI
2091 1360 2321 1423 HAEC

945 1449 1202 1502 FUERE
1227 1449 1687 1503 INSCULPTA.

548 1544 872 1597 EMPORE
894 1561 1014 1610 quo
1035 1561 1285 1611 regnum
1305 1548 1408 1610 qui
1427 1548 1673 1598 nomine
1693 1561 1876 1611 reque
1896 1546 2186 1600 secundus

618 1616 936 1668 Danorum
955 1619 1207 1681 imperio
1227 1632 1332 1669 rex
1352 1616 1682 1673 Fridericus
1702 1617 1896 1679 habet,

125 1707 164 1740 15
427 1687 682 1740 Carolus
703 1688 779 1740 ad
800 1687 1012 1740 Danos
1033 1688 1198 1741 Galli
1216 1687 1432 1753 legatio
1452 1690 1604 1754 regis

497 1759 819 1821 DanzaeuS,
839 1762 1032 1824 patria
1053 1762 1148 1812 cui
1169 1759 1244 1811 eft
1263 1761 1567 1824 Aquitane
1587 1759 1794 1821 solum,

426 1830 587 1882 Huic
608 1831 831 1891 domui,
854 1831 1101 1883 Uraniae
1123 1838 1179 1883 et
1200 1830 1440 1896 Sophiae
1462 1847 1646 1896 quam
1665 1831 1871 1898 Tycho
1892 1832 2231 1886 Brahorum

497 1901 680 1954 Clara
698 1902 866 1967 stirpe
886 1902 1058 1963 satuS,
1079 1918 1214 1968 rege
1228 1903 1490 1968 jubente,
1511 1902 1687 1963 struit,

425 1973 609 2025 Hunc
628 1973 890 2038 lapidem
909 1973 1170 2039 auspicio
1190 1974 1362 2034 felici,
1385 1981 1567 2039 utque
1589 1990 1768 2027 omne
1788 1990 1893 2041 per
1913 1991 2113 2029 aevum

214 2232 262 2278 [E
285 2234 322 2269 P.
336 2234 368 2279 J.
385 2233 552 2270 Resenii

6 2576 166 2651 {2⁵

19 3197 170 3262 3³0

495 2045 741 2110 Augusti
760 2046 819 2098 id
838 2053 1129 2098 memoret
1148 2045 1253 2098 lux
1272 2046 1455 2098 modo
1475 2045 1650 2107 sexta,
1670 2047 1841 2100 locat.

570 2234 924 2281 Inscriptionibus
943 2235 1270 2272 Haffniensibus
1291 2235 1497 2278 (Hauniae
1521 2236 1627 2279 1668)
1648 2247 1687 2281 p.
1707 2236 1778 2272 333
1798 2235 1903 2283 sqq.]

960 2335 1677 2398 TYPOGRAPHIAE.

693 2439 969 2492 RANIAE
988 2443 1250 2506 ingenuo
1272 2448 1327 2493 et
1348 2441 1498 2493 celso
1518 2440 1829 2494 molimine
1848 2448 2014 2507 parte

763 2511 1125 2577 Imprimeris
1144 2528 1441 2565 manuum
1460 2512 1534 2564 fic
1554 2528 1630 2565 ne
1650 2513 1854 2566 labore
1874 2512 2079 2566 labos?

568 2581 592 2633 I
612 2584 941 2648 mundique
963 2584 1066 2636 diu
1085 2584 1227 2636 vasti
1246 2592 1378 2650 pete
1400 2585 1617 2650 Regna,
1638 2584 1917 2651 superstes

639 2654 933 2708 Successus
952 2656 1170 2709 tribuat
1190 2657 1460 2709 conditor
1479 2656 1774 2720 Uranimv.

672 2848 957 2911 CIRCA
986 2849 1433 2912 EFFIGIEM
1460 2850 1970 2912 TYCHONIS.

725 2953 805 3007 IC
824 2960 983 3019 patet
1004 2957 1257 3007 exterior
1276 2954 1579 3021 Tychonis
1598 2954 1794 3007 forma
1813 2954 2053 3008 Brahei:

794 3025 1106 3079 Pulchrius
1126 3029 1360 3087 eniteat,
1383 3042 1520 3092 quae
1540 3026 1680 3079 latet
1699 3029 1959 3079 interior.

758 3220 1043 3282 CIRCA
1070 3221 1347 3282 ARMA
1371 3219 1881 3282 TYCHONIS.

672 3322 868 3385 RMA,
889 3340 1092 3390 genuS,
1113 3324 1283 3377 fundi
1302 3332 1573 3390 pereunt:
1596 3325 1863 3377 durabile
1882 3327 2067 3377 virtus

773 3396 843 3448 Et
862 3394 1130 3449 doetrina
1149 3397 1329 3449 decus
1349 3396 1670 3450 nobilitatis
1690 3396 1926 3449 habent.
2313 3466 2423 3532 [Ex
