2730 4264
397 330 500 382 228
1074 326 1354 378 VARIAE
1379 325 1873 378 SCRIPTURAE

398 467 483 508 les
503 466 548 508 D
637 464 1000 520 aegritudines]
1021 461 1360 505 infirmitates
1380 462 1426 504 V
1487 472 1533 504 v.
1550 460 1609 504 40
1633 462 1776 515 quod
1797 460 1847 519 32]
1868 462 1993 515 quia
2013 461 2063 504 is
2081 462 2128 504 V
2221 462 2386 519 lucro]
2406 461 2550 505 fiIcIs

401 524 449 567 ‘Sc
466 525 614 566 luero
634 524 679 565 V
746 522 795 565 ἃ
813 522 917 578 his]
940 521 988 564 ἂν
1006 520 1132 574 alijs
1153 521 1218 563 D:
1239 519 1436 572 hisque
1454 519 1500 562 V
1548 530 1592 562 v.
1605 518 1658 562 41
1683 519 1731 562 ἃ
1745 531 1849 577 om.
1866 521 1912 562 D
1982 518 2191 573 aspectu
2206 520 2262 577 [1
2275 520 2320 563 V
2385 521 2551 563 laeda-

402 584 486 625 tur
518 580 677 624 lael‘us
697 581 758 624 D.

467 582 512 691 1³.
532 639 589 682 60
607 649 650 681 ν.
669 638 698 680 4
724 637 883 690 super
905 637 956 678 in
984 636 1039 678 in
1060 646 1193 678 corr.
1209 634 1255 676 V
1314 645 1358 678 v.
1377 635 1405 678 8
1433 634 1679 692 excitarj]
1698 634 1987 690 significarj
2011 636 2078 679 D:
2109 635 2402 678 excitatum
2423 635 2489 678 iri
2505 636 2551 678 V

398 708 442 740 ν.
462 698 489 739 9
510 696 783 748 Eurusque
801 693 1073 746 Notusque
1092 693 1137 735 V
1156 695 1298 746 (cum
1318 692 1561 749 Vergilio)
1611 703 1656 736 ν.
1680 693 1732 736 12
1750 692 1923 750 supra]
1943 693 1997 735 in
2017 693 2063 736 V
2145 692 2253 750 [ed]
2276 704 2487 747 unaque
2505 694 2551 735 V

398 766 441 798 v.
465 755 518 797 14
548 756 605 796 ut
628 753 782 806 supra
812 751 928 794 dixi
954 752 998 793 V
1058 761 1100 794 v.
1124 750 1178 793 15
1206 754 1324 804 post
1347 750 1534 793 radius
1559 751 1677 795 add.
1702 750 1749 794 ὰ
1772 750 1809 809 ἦ
1830 750 2231 794 inamoenitates
2252 750 2486 805 suggerit
2506 751 2551 794 V

397 823 441 855 v.
466 812 517 854 16
541 809 834 864 impetuosa
856 809 904 852 8(
924 821 1027 852 om.
1043 809 1089 851 V
1147 819 1192 851 v.
1217 808 1270 851 18
1293 807 1393 862 imj
1409 809 1455 851 D
1514 819 1559 852 v.
1582 809 1636 852 19
1659 807 1918 852 Arcturus
1939 809 1983 851 D
2061 808 2206 852 lidus
2227 810 2553 863 tempestuo-

397 869 527 926 sum]
550 869 849 911 vehemens
868 866 1012 910 lidus
1030 867 1076 909 V
1135 877 1178 909 v.
1197 865 1249 908 21
1275 867 1490 923 quanta]
1511 877 1632 920 quae
1652 868 1698 910 D
1783 867 1962 921 quiuis
1981 865 2142 909 facile
2161 867 2425 924 intelligit]
2445 877 2551 910 non

399 926 619 970 difficile
639 925 714 968 est
731 925 985 978 colligere
1004 925 1049 967 V
1109 935 1153 968 v.
1173 924 1229 967 23
1244 924 1684 978 periculosasque
1703 925 1749 967 V
1808 936 1852 968 v.
1871 925 1928 968 27
1947 925 2018 967 Et
2029 926 2190 978 pater
2203 935 2489 979 aequoreus
2507 925 2553 967 V

398 997 440 1028 v.
460 986 516 1028 28
536 984 654 1027 [unt
669 983 781 1027 fere
803 985 869 1026 D:
890 982 1061 1025 ferme
1080 982 1199 1025 funt
1215 983 1261 1025 V
1309 993 1352 1026 v.
1371 982 1422 1026 31
1450 983 1647 1040 tamen]
1667 984 1846 1026 autem
1869 984 1914 1026 D
1963 994 2006 1026 v.
2026 983 2083 1026 32
2102 984 2226 1039 non]
2241 993 2342 1025 nec
2356 983 2553 1025 adeoV

398 1054 441 1086 ν.
460 1043 516 1086 34
544 1046 661 1096 post
678 1040 863 1095 politis
889 1041 1007 1084 add.
1030 1042 1298 1094 quatenus
1314 1040 1535 1094 politica
1555 1043 1888 1084 concernunt
1904 1041 1949 1084 V
2006 1051 2051 1084 v.
2070 1040 2244 1084 35—36
2272 1040 2492 1084 deficiat
2507 1041 2553 1084 V

396 1112 440 1144 v.
460 1100 632 1143 36—37
661 1098 999 1152 reperiantur
1021 1099 1066 1141 V
1132 1109 1175 1142 v.
1194 1098 1252 1141 37
1279 1103 1399 1152 post
1428 1098 1643 1142 Orionis
1671 1099 1790 1142 add.
1821 1099 1982 1142 modo
2011 1097 2198 1152 figurae
2226 1098 2391 1142 stellis
2418 1099 2554 1142 anti-

396 1158 578 1213 quitus
597 1157 777 1201 aRutae
796 1157 1000 1210 aliquid
1018 1156 1257 1200 babeant
1267 1157 1528 1210 ponderis
1547 1158 1593 1200 V
1682 1157 1752 1199 ad
1771 1169 1875 1201 om.
1898 1157 1958 1200 V.

465 1227 510 1269 p.
530 1217 581 1259 61
605 1226 648 1259 ν.
674 1216 691 1258 1
716 1226 819 1258 sua
840 1227 943 1259 om.
962 1216 1006 1257 D
1055 1225 1099 1259 v.
1118 1214 1146 1257 2
1160 1215 1451 1268 portendat
1468 1215 1562 1258 DV
1580 1215 1691 1268 (sed
1710 1227 1775 1258 ex
1790 1215 2185 1268 portenduntur
2199 1226 2334 1258 corr.
2352 1215 2417 1271 D)
2463 1225 2507 1258 v.
2525 1214 2554 1257 4

397 1286 519 1318 cum
541 1286 645 1317 om.
665 1275 754 1316 DV
806 1284 850 1316 v.
869 1273 898 1316 5
918 1277 1036 1327 post
1059 1272 1384 1326 Capricorno
1403 1274 1521 1316 add.
1537 1274 1784 1327 analogae
1803 1274 1933 1316 sunt
1949 1273 2009 1324 V,
2030 1273 2123 1316 sed
2142 1273 2345 1324 delevit,
2366 1273 2554 1316 iterum

396 1344 523 1375 vero
542 1336 661 1386 post
681 1333 941 1385 occupato
962 1332 1079 1374 add.
1101 1332 1289 1375 eadem
1309 1331 1471 1375 verba
1561 1332 1791 1385 ocupato
1809 1332 1868 1374 E:
1896 1331 2222 1374 correximus
2292 1342 2335 1374 v.
2355 1331 2383 1373 7
2410 1331 2555 1373 Mar-

397 1391 654 1433 maricam
678 1391 723 1432 D
801 1400 844 1433 v.
864 1390 892 1433 9
918 1388 1370 1443 Vittebergenl'em
1393 1390 1455 1439 D,
1475 1390 1569 1432 sed
1589 1389 1815 1432 correxit
1887 1399 1929 1432 v.
1954 1389 1999 1431 11
2031 1387 2299 1432 Versellas
2318 1389 2422 1432 EV:
2445 1400 2555 1432 cor-

397 1450 626 1491 reximus
654 1461 683 1492 e
713 1449 757 1490 D
847 1448 1117 1501 Rhegium
1150 1449 1194 1490 D
1254 1458 1298 1491 v.
1327 1447 1380 1490 12
1407 1447 1745 1501 Bambergas
1777 1448 1822 1490 D
1883 1458 1927 1490 v.
1956 1446 2009 1490 13
2036 1446 2274 1489 constare
2303 1446 2481 1489 adhuc
2509 1447 2555 1489 V

395 1518 439 1550 v.
463 1507 517 1549 14
545 1510 662 1560 post
687 1505 839 1549 initia
867 1507 985 1549 add.
1007 1505 1239 1559 aliisque
1266 1506 1334 1548 de
1358 1505 1534 1548 caulis
1559 1506 1604 1548 V
1663 1517 1707 1549 v.
1731 1505 1902 1548 14-15
1926 1504 2232 1548 PauciBimi
2252 1536 2262 1547 .
2281 1536 2292 1547 .
2310 1537 2320 1547 .
2342 1504 2556 1558 experi-

397 1565 541 1608 entia
562 1566 660 1608 del.
676 1565 737 1615 V,
766 1565 852 1619 qui
876 1568 990 1607 tum
1012 1565 1129 1607 add.
1151 1565 1314 1608 verba
1339 1574 1461 1607 cum
1488 1564 1609 1607 haec
1631 1563 1779 1606 varie
1806 1563 1874 1620 [ἅτ
1891 1563 2177 1606 [ucceBive
2204 1564 2321 1606 add.
2343 1564 2396 1606 in
2420 1575 2556 1606 mar-

397 1623 527 1679 gine]
550 1622 1019 1677 transplantentur‚·
1038 1623 1157 1666 dein
1175 1633 1303 1666 vero
1322 1622 1374 1667 in
1394 1622 1626 1677 margine
1648 1623 1766 1665 add.
1784 1623 1947 1665 verba
1967 1620 2273 1664 PauciBimi
2290 1621 2451 1664 etiam
2473 1631 2556 1664 re-

392 1681 686 1735 periuntur,
720 1681 812 1735 qui
841 1681 910 1724 ab
942 1681 1296 1734 experientia,
1329 1681 1472 1734 quod
1497 1679 1820 1734 potissimum
1852 1679 1974 1723 fieri
2003 1679 2200 1731 debuit,
2282 1690 2324 1722 v.
2355 1679 2408 1722 16
2439 1682 2555 1733 post

400 1743 578 1782 tamen
608 1740 726 1783 add.
749 1739 1093 1793 aliquatenus
1112 1739 1158 1782 V
1245 1738 1419 1795 supra]
1447 1738 1569 1781 in'V
1626 1749 1671 1781 v.
1695 1739 1748 1781 17
1775 1737 2102 1792 superiorum
2135 1737 2477 1780 Planetarum
2509 1738 2554 1780 D

396 1809 439 1841 v.
468 1798 521 1841 19
549 1798 838 1855 minitatur]
863 1796 1138 1851 portendit
1161 1797 1207 1839 V
1266 1807 1310 1839 v.
1336 1796 1393 1839 20
1420 1795 1878 1854 significationem]
1906 1797 2151 1839 naturam
2181 1796 2227 1838 V
2285 1806 2329 1839 v.
2354 1795 2405 1838 21
2439 1799 2556 1850 post

396 1856 579 1900 laesum
602 1857 720 1899 add.
745 1857 833 1898 vel
852 1855 992 1898 alios
1012 1855 1228 1899 morbos
1246 1854 1618 1907 Mercuriales,
1641 1855 1709 1897 de
1730 1854 1924 1908 quibus
1944 1853 2185 1897 diximus
2203 1853 2250 1896 V
2319 1864 2364 1898 ν.
2383 1853 2557 1897 22-23

397 1914 583 1957 crebra
615 1914 951 1968 experientia
982 1913 1253 1970 stabilitur]
1287 1913 1660 1967 experimento
1691 1912 1976 1967 multiplici
2004 1911 2285 1955 stabilitum
2317 1910 2479 1955 fuerit
2510 1911 2556 1954 V

396 1984 426 2016 v
462 1972 518 2015 24
543 1972 703 2026 opida
723 1974 781 2016 E:
804 1973 1129 2016 correximus
1189 1982 1232 2015 v.
1251 1971 1309 2014 27
1335 1975 1454 2015 ante
1475 1971 1707 2014 obnoxia
1728 1972 1846 2014 add.
1867 1970 2114 2014 nonnihil
2132 1971 2177 2012 V
2236 1981 2280 2013 v.
2299 1969 2356 2013 29
2376 1968 2558 2024 prodi-

400 2030 577 2088 tionis]
598 2030 870 2084 opprobrij
885 2031 930 2073 V
978 2041 1020 2074 v.
1041 2029 1099 2073 32
1116 2029 1406 2073 inferorum
1429 2031 1474 2072 D
1529 2040 1573 2073 v.
1593 2029 1767 2073 34-35
1787 2030 1975 2073 oculos
1991 2061 2001 2071 .
2020 2061 2030 2072 .
2048 2060 2058 2070 .
2075 2027 2420 2085 contaminat]
2442 2028 2558 2070 vul-

400 2091 507 2133 tum
539 2091 728 2143 tegens
754 2088 1053 2132 obt'ul'catV
1142 2087 1477 2131 abscondens
1502 2099 1607 2132 om.
1631 2089 1687 2131 E:
1714 2088 1831 2130 add.
1855 2089 1934 2131 ed.
1960 2087 2066 2131 1901
2091 2098 2120 2130 e
2141 2087 2186 2129 D
2246 2097 2290 2130 v.
2309 2085 2483 2130 38-39
2509 2084 2558 2129 ἃ

400 2147 624 2201 Populis
646 2179 656 2190 .
675 2179 685 2190 .
703 2180 714 2191 .
735 2146 958 2190 subditis
978 2158 1083 2190 om.
1099 2147 1144 2189 V
1203 2157 1247 2190 ν.
1266 2146 1325 2190 40
1343 2145 1383 2190 li
1403 2178 1412 2189 .
1431 2179 1441 2190 .
1459 2178 1470 2188 .
1495 2145 1614 2201 verj
1630 2158 1734 2190 om.
1750 2146 1810 2189 V.

469 2217 513 2258 ρ.
533 2205 589 2248 62
608 2217 652 2249 ν.
676 2206 693 2248 1
720 2205 1126 2262 portenduntur]
1151 2203 1575 2258 fignificanturv
1663 2208 1783 2259 post
1807 2204 1965 2247 erunt
1986 2204 2104 2246 add.
2129 2204 2185 2245 et
2207 2202 2350 2256 quod
2375 2202 2438 2253 D,
2464 2202 2558 2245 sed

399 2265 588 2307 delevit
647 2274 690 2308 v.
710 2264 738 2307 4
761 2264 904 2306 hanc
931 2275 1034 2306 om.
1058 2264 1103 2306 D
1163 2273 1208 2306 v.
1230 2262 1346 2306 5-6
1371 2263 1493 2306 Non
1521 2263 1700 2306 tamen
1723 2295 1733 2306 .
1751 2294 1762 2305 .
1780 2295 1791 2305 .
1812 2260 2271 2318 fignificationem]
2294 2259 2558 2303 Animad-

401 2322 715 2365 vertendum
737 2322 917 2374 etiam,
946 2320 1181 2375 deliquia
1201 2321 1256 2364 in
1277 2321 1498 2375 Vulgus,
1522 2320 1571 2364 ὃ(
1585 2320 1831 2374 privatos
1850 2319 2117 2372 homines,
2144 2319 2343 2362 tantam
2363 2317 2559 2372 fignifi-

399 2381 664 2425 cationem
692 2391 798 2423 non
825 2380 1026 2423 habere
1045 2380 1091 2422 V
1155 2390 1200 2424 v.
1225 2379 1253 2422 7
1276 2378 1450 2437 supra]
1475 2379 1530 2422 in
1550 2379 1596 2422 V
1660 2390 1705 2423 v.
1729 2379 1758 2423 9
1783 2378 2026 2422 obtinent
2047 2378 2093 2420 D
2159 2387 2202 2420 v.
2231 2377 2287 2420 10
2313 2375 2563 2420 videntur

401 2441 462 2490 D,
488 2440 581 2482 sed
606 2439 833 2482 correxit
891 2450 935 2482 v.
965 2438 1011 2481 11
1046 2442 1164 2492 post
1190 2436 1442 2481 videntur
1461 2438 1580 2480 add.
1607 2437 1663 2479 Is
1688 2437 1832 2480 enim
1858 2436 2183 2490 reliquorum
2210 2435 2555 2478 Planetarum

399 2498 710 2540 moderatur
724 2497 985 2550 habenas,
1017 2498 1074 2539 ut
1096 2496 1164 2539 de
1183 2495 1315 2539 fixis
1332 2495 1514 2547 stellis,
1540 2495 1622 2538 illi
1639 2495 1802 2539 etiam
1824 2494 2167 2549 aliquatenus
2187 2492 2453 2547 obnoxijs,
2478 2492 2559 2535 ni-

399 2555 477 2598 hil
496 2554 673 2598 dicam
695 2556 754 2607 V,
782 2556 870 2599 ubi
887 2559 1000 2598 tum
1019 2556 1252 2609 sequitur
1269 2551 1571 2598 ADDITIO
1588 2552 1915 2606 AVTORIS,
1944 2565 2104 2607 quam
2129 2564 2226 2595 nos
2249 2552 2488 2595 dedimus
2506 2551 2558 2594 in

399 2626 447 2668 p.
474 2614 555 2656 132
574 2626 703 2668 sqq.,
725 2618 776 2657 et
794 2614 846 2656 in
867 2614 1098 2669 margine
1117 2614 1235 2657 haec
1256 2614 1511 2667 leguntur:
1537 2612 1649 2655 Von
1670 2611 1846 2654 diel'er
1860 2610 2016 2654 Linie
2036 2609 2129 2653 biB
2147 2621 2216 2653 zu
2238 2610 2338 2652 der
2352 2609 2556 2652 andern

400 2672 509 2715 daB
526 2671 601 2715 [οι
621 2671 719 2714 mit
734 2671 952 2715 kleiner
964 2670 1215 2715 Cursiven
1231 2671 1383 2728 [oder
1390 2669 1664 2724 Antiquen
1679 2674 1862 2724 postea
1877 2669 2014 2726 add]
2028 2668 2330 2722 gedrucket
2343 2666 2558 2710 werden

398 2741 442 2774 v.
461 2730 519 2774 23
538 2728 924 2784 complectatur
938 2730 984 2772 V
1042 2740 1087 2773 v.
1105 2729 1164 2772 24
1186 2729 1343 2773 LIcet
1358 2729 1557 2785 autem]
1578 2728 1648 2772 Et
1662 2728 1794 2772 licet
1808 2728 1854 2771 V
1913 2737 1957 2771 v.
1976 2726 2150 2770 24-25
2175 2726 2319 2769 hunc
2339 2725 2556 2769 modum

399 2789 789 2831 Ptolomaicum
810 2789 856 2831 V
915 2799 959 2832 v.
983 2787 1157 2832 28—29
1185 2788 1328 2830 hanc
1349 2819 1360 2829 .
1379 2819 1390 2830 .
1408 2820 1418 2830 .
1441 2786 1562 2844 eBe]
1589 2787 1658 2829 de
1683 2786 1788 2830 hac
1813 2784 2162 2839 inquisitione,
2191 2784 2333 2838 quod
2357 2794 2424 2826 ea
2450 2793 2558 2827 non

399 2846 497 2889 niti
510 2846 639 2890 [atis
655 2846 810 2890 firmo
823 2845 1175 2889 fundamento
1190 2845 1464 2888 videretur
1478 2845 1523 2888 V
1576 2855 1621 2888 v.
1633 2845 1691 2888 30
1709 2843 2002 2895 institutus,
2024 2842 2207 2899 didicj]
2227 2840 2447 2886 edoctus
2466 2842 2560 2884 ad-

399 2905 454 2947 in
463 2904 586 2947 veni
603 2906 648 2948 V
738 2909 856 2959 post
877 2904 1091 2959 veritatj
1107 2905 1225 2948 add.
1248 2902 1658 2958 quamproxime
1678 2903 1723 2946 V
1782 2913 1826 2946 v.
1845 2901 2019 2946 32—33
2038 2901 2094 2944 id
2112 2900 2272 2944 etiam
2296 2900 2364 2943 de
2383 2900 2560 2954 Ptolo-

400 2974 540 3007 maeo
561 2964 603 3005 V
657 2975 701 3007 v.
714 2963 772 3007 33
792 2963 1058 3021 Principe]
1079 2962 1424 3016 antesignano
1443 2962 1489 3005 V
1542 2972 1585 3005 v.
1599 2961 1657 3005 35
1676 2961 1879 3004 crebrae
1915 2958 2200 3014 multiplici
2218 2959 2262 3002 V
2355 2957 2404 3002 ἃ
2421 2958 2558 3014 raro]

401 3032 626 3076 raroque
646 3022 691 3064 V
744 3032 788 3065 v.
808 3022 865 3065 36
891 3020 1301 3078 demonstretur]
1322 3020 1760 3074 comprobetur-V
1813 3030 1856 3063 v.
1907 3020 1933 3061 7
1959 3017 2332 3073 deliquiorum]
2352 3016 2407 3059 in
2427 3015 2560 3059 deli-

401 3080 544 3134 quijs
567 3081 609 3122 D
670 3091 713 3124 v.
732 3080 789 3123 38
809 3079 989 3134 aliqua
1010 3080 1056 3122 D
1116 3090 1161 3123 ν.
1179 3079 1237 3123 39
1255 3079 1471 3122 nostras
1487 3111 1498 3123 .
1515 3110 1525 3120 .
1544 3109 1555 3120 .
1572 3077 1988 3134 obseruationes]
2007 3073 2130 3128 eaS,
2144 3085 2282 3129 quas
2300 3072 2559 3118 hactenus

402 3138 667 3181 asseoutus
680 3149 820 3188 sum,
836 3138 903 3182 ea
915 3138 970 3181 in
985 3148 1042 3181 re
1057 3136 1551 3181 animadversiones
1568 3138 1605 3178 V
1648 3147 1692 3180 v.
1705 3134 1763 3179 40
1779 3135 1992 3179 videtur
2002 3135 2063 3186 D,
2075 3135 2168 3177 sed
2182 3134 2407 3177 correxit
2445 3143 2489 3176 v.
2502 3131 2554 3174 41

401 3195 538 3239 factu
546 3207 658 3239 rum
673 3196 863 3239 barum
879 3207 1056 3239 rerum
1073 3195 1404 3239 amatoribus
1413 3206 1527 3238 rem
1541 3196 1747 3248 gratam
1763 3195 1810 3237 D
1877 3198 1997 3237 ante
2009 3190 2267 3236 facturum
2284 3191 2401 3234 add.
2417 3189 2487 3232 sic
2497 3189 2557 3233 V.

472 3266 516 3307 p.
530 3255 587 3297 63
606 3265 649 3297 ν,
663 3255 690 3297 6
710 3258 828 3309 post
841 3254 1042 3297 idcirco
1056 3254 1174 3297 add.
1188 3252 1518 3307 Astrologice
1533 3252 1889 3296 diBerendoV
1938 3262 1983 3295 v.
2000 3250 2054 3294 10
2074 3247 2560 3307 vllius1aliquusV

401 3323 445 3357 v.
468 3312 515 3356 11
541 3311 969 3367 praefignificasse
989 3324 1055 3356 ex
1074 3310 1610 3367 praefignificatIOnes
1629 3311 1919 3355 correxisse
1938 3309 2141 3353 videtur
2160 3308 2206 3351 D
2294 3306 2429 3363 Nec]
2450 3305 2561 3349 Ne-
