2730 4264
387 338 479 389 210

1265 329 1671 383 CARMINA

698 473 994 524 Posteritas
1013 479 1173 535 grato
1192 470 1371 520 veluti
1390 469 1678 520 testabitur
1698 483 1814 528 ore,

770 543 975 594 Gratia
994 541 1055 591 fit
1073 539 1262 591 nostro
1282 546 1541 602 tempore
1561 544 1723 590 muta
1741 538 1886 590 licet.

699 613 935 674 Quanta
956 609 1316 660 Machaonia
1334 608 1570 659 simulac
1591 607 1888 659 effecimus
1908 614 2045 667 arte,

767 681 918 743 Quae
937 679 1103 730 facile
1124 680 1352 742 aegrotis
1371 677 1636 729 morbida
1654 678 1917 729 membra
1935 678 2103 729 levat.

698 751 894 801 Dania
914 749 953 799 fi
972 755 1179 807 taceaS,
1201 748 1402 798 Norici
1423 747 1707 810 Suecique
1727 747 2055 811 loquentur,

766 818 944 871 Senfit
964 818 1063 869 ubi
1082 817 1333 868 nostram
1351 816 1637 880 plurimus
1657 832 1809 881 aeger
1828 832 2017 881 opem.

697 890 821 940 Nec
839 895 1037 938 tamen
1055 885 1191 937 hinc
1210 886 1438 937 lucrum
1455 885 1722 945 sectabar,
1743 893 1806 937 ut
1824 886 2082 950 undique
2101 888 2296 946 moriS‚

767 958 962 1009 Gratis
983 959 1196 1020 quippe
1217 956 1429 1007 dabam
1448 962 1613 1019 parta
1632 956 1830 1007 labore
1850 958 2026 1020 gravi.

697 1028 993 1079 Nimirum
1012 1026 1123 1077 hoc
1143 1026 1346 1086 fuerat,
1368 1041 1469 1077 cur
1487 1032 1649 1077 tanta
1668 1026 1804 1077 odia
1822 1026 2021 1077 invida
2039 1025 2194 1085 senfi,

765 1098 922 1147 Hinc
943 1097 1131 1147 abitus
1150 1096 1322 1147 nostri
1340 1102 1541 1147 manat
1561 1098 1721 1159 origo
1741 1101 1922 1146 vetus,

696 1167 963 1230 Quaeque
984 1167 1085 1217 diu
1104 1166 1271 1216 latuit
1289 1181 1396 1217 nee
1416 1171 1612 1228 aperte
1631 1166 1874 1228 prodita,
1896 1165 2080 1216 donec

765 1237 1006 1287 Invidiae
1025 1238 1200 1293 virus,
1222 1238 1323 1299 qui
1341 1235 1623 1293 stabiliret,
1645 1242 1781 1286 erat.

694 1306 786 1358 Sic
805 1309 1011 1357 vitium
1030 1305 1250 1369 pepulit
1270 1308 1556 1365 virtutem,
1576 1320 1699 1355 non
1717 1304 1876 1356 mala
1895 1305 2094 1363 caussa,

765 1376 1010 1427 Discessu
1030 1378 1092 1426 in
1111 1375 1301 1426 nostro
1322 1377 1541 1426 crimen
1561 1374 1740 1426 abesse
1755 1376 1936 1438 Juvat.

696 1446 962 1508 Quantas
981 1445 1214 1496 sustinui
1234 1460 1419 1504 curas,
1439 1444 1738 1507 impendia
1757 1450 1992 1508 quanta,

765 1516 843 1568 Ut
863 1515 1024 1567 fieret
1044 1515 1271 1572 celsum,
1294 1515 1451 1578 quod
1470 1514 1807 1573 meditabar,
1828 1512 2011 1577 opus?

695 1585 891 1648 Quam
912 1585 1108 1636 multis
1129 1588 1304 1636 etiam
1323 1584 1559 1648 Sophiae
1579 1583 1844 1649 mysteria
1861 1583 2056 1647 pandi,

765 1655 930 1718 Quos
950 1655 1072 1707 alui
1090 1655 1331 1719 longum
1350 1654 1668 1718 sumptibus
1687 1654 1802 1717 ipse
1821 1651 2002 1705 meis?

693 1725 983 1789 Pluraque
1002 1731 1300 1788 praeterea,
1320 1739 1526 1776 vereor
1545 1739 1679 1787 quae
1699 1724 1887 1775 dicere
1908 1720 2129 1783 cuncta,

764 1796 857 1846 Ne
877 1798 1140 1859 proprias
1159 1795 1362 1846 laudes
1383 1809 1727 1845 enumerare
1747 1793 1914 1845 ferar.

694 1866 804 1916 Pro
826 1866 1036 1929 quibus
1057 1865 1115 1928 (o
1135 1864 1362 1928 Superi)
1383 1863 1529 1915 mihi
1550 1866 1731 1928 gratia
1749 1864 1972 1915 reddita
1989 1863 2138 1922 taliS,

766 1935 878 1987 Sex
900 1951 1004 1999 ego
1025 1950 1159 1986 cum
1179 1935 1348 1986 Natis
1367 1934 1677 1997 Matreque
1697 1940 1759 1984 ut
1780 1933 1915 1984 exul
1935 1948 2119 1997 agam.

695 2005 838 2057 Sum
856 2012 1054 2056 tamen
1073 2005 1233 2056 haud
1254 2004 1404 2063 exul,
1426 2004 1660 2055 libertas
1680 2003 1877 2067 obtigit
1896 2002 2114 2066 ampla:

765 2075 1019 2126 Exilium
1037 2078 1100 2125 in
1118 2075 1310 2125 Patria
1328 2076 1522 2125 verius
1542 2079 1676 2125 ante
1695 2074 1817 2124 tuli.

695 2145 870 2196 Nunc
891 2160 996 2209 ego
1015 2145 1249 2208 prosper
1267 2159 1393 2208 age,
1414 2145 1628 2207 proprij
1652 2158 1809 2194 nunc
1823 2145 1972 2207 juris
1990 2142 2282 2202 alumnuS‚

765 2216 940 2266 Nunc
959 2214 1104 2265 mihi
1123 2230 1229 2278 pro
1249 2214 1441 2265 Patria
1458 2215 1752 2264 maximus
1773 2213 1945 2265 Orbis
1964 2212 2131 2264 adest.
2153 2207 2173 2279 ΙΙ

695 2285 1110 2348 Excipientque
1131 2284 1247 2348 alij‚
1268 2283 1340 2335 fic
1358 2283 1736 2347 prospiciente
1750 2283 1780 2344 J
1784 2282 2072 2342 EHOVA,

767 2355 984 2407 Gratus
1005 2357 1109 2406 erit
1128 2352 1345 2406 cunctis
1364 2353 1551 2404 noster
1570 2353 1786 2416 ubique
1806 2352 1986 2404 labor.

694 2424 785 2476 Tu
804 2425 934 2476 licet
953 2424 1110 2475 hunc
1130 2439 1383 2475 renuens
1401 2423 1634 2487 spernas
1655 2422 1992 2486 damnisque
2011 2421 2228 2487 fatigeS,

766 2495 818 2547 O
839 2496 1045 2554 Patria,
1067 2496 1103 2545 ὁ
1123 2493 1313 2546 laudis
1331 2494 1571 2558 prodiga
1589 2491 1739 2545 facta
1757 2492 1896 2544 tuael

695 2565 844 2629 Ergo
865 2568 1089 2628 ingrata
1107 2564 1260 2624 vale;
1281 2564 1473 2616 Patria
1492 2563 1566 2614 est
1584 2562 1730 2614 mihi
1751 2562 2024 2626 quaelibet
2043 2577 2163 2622 ora,

766 2635 917 2697 Quae
937 2634 1092 2686 volet
1111 2633 1400 2685 AEthereis
1420 2648 1594 2697 aequa
1611 2633 1777 2685 litare
1796 2632 1984 2693 sacriS,

695 2704 963 2769 Quaeque
983 2703 1138 2756 volet
1156 2703 1375 2755 nostros
1395 2703 1700 2768 agnoscere
1719 2708 1880 2767 grata
1899 2702 2143 2762 laboreS‚

766 2775 916 2838 Quae
936 2774 1083 2826 mihi
1102 2789 1208 2838 pro
1227 2776 1446 2825 meritis
1465 2788 1587 2824 non
1605 2772 1747 2824 feret
1765 2774 2070 2824 immerita.

694 2845 892 2896 Dania
911 2844 1005 2896 sed
1026 2843 1252 2908 (fateor)
1273 2843 1403 2895 satis
1424 2842 1762 2895 excusabilis
1781 2845 1843 2894 in
1862 2842 1916 2894 se
1938 2841 2027 2901 est,

765 2915 1054 2967 Condolet
1075 2921 1128 2966 et
1147 2916 1394 2978 proprijs
1414 2916 1651 2978 ingemit
1671 2912 1790 2977 ipsa
1808 2912 1994 2964 malis.

693 2984 785 3036 Tu
805 3000 1039 3048 quoque
1059 2986 1420 3048 magnanimi
1439 2983 1711 3034 Friderici
1731 2982 1991 3034 Hero'ica
2009 2980 2216 3045 proles,

765 3055 979 3106 Inscius
998 3055 1094 3106 hic
1114 3055 1301 3118 culpA,
1323 3054 1444 3104 Rex
1463 3052 1751 3118 generose,
1770 3067 1967 3104 vacas:

696 3124 1004 3188 Invitisque
1024 3124 1170 3188 alijS‚
1192 3126 1425 3175 animus
1445 3122 1655 3187 quibus
1675 3125 1908 3186 integer,
1928 3121 2029 3173 ista

764 3195 956 3245 Fiunt:
979 3195 1075 3258 Dij
1098 3193 1313 3245 faciant
1332 3209 1454 3244 non
1472 3208 1640 3257 mage
1659 3207 1843 3257 prava
1861 3191 2036 3255 sequi.

696 3264 840 3316 Sunt
860 3264 1042 3327 aliqui
1060 3266 1248 3327 pauci,
1270 3262 1480 3326 quibus
1499 3262 1660 3314 haud
1679 3269 1877 3313 tamen
1895 3260 2012 3325 ipse
2031 3258 2331 3319 nocebam,

765 3333 884 3396 Qui
903 3333 1048 3384 mihi
1068 3335 1186 3397 qua
1203 3334 1424 3397 possunt
1443 3338 1563 3384 arte
1583 3332 1836 3396 doloque
1856 3336 2088 3390 nocent;

2592 1110 2634 1145 10

2593 1459 2635 1493 15

2590 1807 2636 1841 20

2589 2155 2635 2190 25

2589 2852 2636 2888 35

2457 3395 2541 3446 Ηί
