2730 4264
369 321 460 372 314
1047 319 1324 371 VARIAE
1351 319 1843 372 SCRIPTURAE

1132 461 1263 520 AD
1299 461 1754 521 CARMINA.

644 551 719 585 AD
740 549 1163 585 INSCRIPTIONEM
1185 548 1653 585 FUNDAMENTALIS
1673 550 2008 586 URANIBURGI
2030 550 2248 587 LAPIDIS.

437 630 482 671 p.
505 618 588 661 175
606 629 649 661 ν.
672 618 726 660 15
755 617 995 673 Carolus]
1020 616 1197 659 Caroli
1216 616 1362 660 Gass.
1379 617 1459 660 ed.
1477 617 1608 672 Hag.
1624 621 1676 661 et
1689 618 1850 662 Resen
1910 628 1954 661 v.
1977 617 2030 661 16
2049 618 2340 672 DanzaeuS,
2362 630 2520 673 quem

368 676 512 719 orbis
534 678 670 719 terra
690 674 961 728 AquItana
984 674 1101 717 tulit
1119 675 1296 718 Resen.

1223 815 1299 850 AD
1322 815 1670 852 EPITAPHIUM.

1010 873 1044 908 V
1063 885 1108 903 =
1128 872 1266 908 Codex
1287 872 1622 909 Vindobonensis
1641 874 1709 910 lat.
1733 875 1878 910 106867.

435 953 479 995 p.
503 942 585 984 176
603 951 647 985 ν.
666 941 811 984 2-10
836 953 940 985 om.
956 942 1002 984 V
1061 952 1104 984 v.
1128 941 1181 984 15
1199 941 1448 984 Minerva
1468 942 1515 984 V
1573 952 1617 985 v.
1636 941 1694 985 32
1713 942 1976 1000 hauserat]
1995 943 2224 986 noverat
2238 943 2298 987 V.

435 1011 479 1053 p.
502 999 583 1042 177
603 1010 646 1042 ν.
665 999 693 1042 3
718 998 1017 1056 minimum]
1042 998 1266 1042 niqum
1294 1000 1341 1042 V
1411 1010 1455 1043 ν.
1478 999 1532 1042 14
1556 1000 1731 1058 mori;]
1756 1000 1916 1053 mori;
1942 1002 2000 1043 ut
2020 1001 2066 1043 V
2142 1011 2186 1044 v.
2209 1001 2263 1044 15
2289 1001 2356 1043 Vt
2378 1011 2524 1044 mors

364 1057 696 1114 congrueret]
715 1057 900 1100 Mores
919 1059 1277 1111 congruerent
1293 1057 1339 1100 V
1398 1069 1441 1101 v.
1465 1058 1518 1101 17
1542 1057 1782 1116 haberet]
1802 1058 1969 1102 noBet
1983 1059 2045 1102 V.

925 1198 1001 1233 AD
1023 1198 1428 1234 INSCRn’rIONEs
1449 1198 1959 1235 CRONEBURGENSES.

434 1278 478 1320 p.
501 1266 578 1309 191
603 1276 646 1310 ν.
665 1265 694 1308 2
721 1265 1008 1310 Structurae
1027 1278 1056 1309 e
1077 1265 1348 1310 structura
1370 1267 1708 1311 correximus.
1907 1259 1910 1261 “

534 1407 609 1442 AD
632 1407 963 1457 EPIGRAMMA*
977 1408 1034 1442 IN
1057 1407 1163 1443 NIC.
1184 1407 1365 1443 CRAGII
1387 1408 1780 1444 REMPUBLICAM
1802 1408 2354 1445 LACEDAEMONIORUM.

433 1486 477 1528 p.
502 1475 583 1518 193
602 1486 645 1519 ν.
665 1476 692 1518 5
717 1474 853 1519 sacta
874 1488 1033 1530 supra
1045 1475 1168 1530 jura
1189 1476 1441 1530 scriptum
1462 1479 1540 1519 est
1557 1476 1610 1519 in
1630 1478 1871 1532 exemplo
1892 1490 2052 1520 manu
2072 1477 2281 1532 scripto.

1054 1618 1130 1652 AD
1150 1617 1379 1652 CARMEN
1401 1617 1622 1653 URANIAE
1640 1618 1837 1653 TITANI.

409 1675 442 1709 V
462 1687 506 1704 =
526 1675 663 1711 Codex
682 1674 1021 1711 Vindobonensis
1041 1675 1107 1710 lat.
1132 1676 1296 1710 1068612.
1355 1676 1387 1710 T
1405 1688 1451 1705 --·
1471 1675 1755 1713 Coi-rectiones
1776 1676 1828 1712 ab
1848 1676 1939 1720 ipso
1958 1677 2156 1722 Tychone
2175 1676 2330 1712 ibidem
2349 1676 2477 1712 factae.

651 1723 680 1756 R
700 1734 744 1751 =
765 1722 942 1757 Carmen
963 1722 1006 1757 in
1027 1721 1191 1757 Resenii
1209 1722 1557 1767 Inscriptionibus
1575 1723 1896 1759 Haffniensibus
1914 1723 2237 1768 transscriptum.

432 1801 477 1843 p.
500 1789 583 1833 193
607 1801 651 1833 ν.
674 1790 843 1833 13-16
875 1790 958 1833 hic
986 1790 1188 1844 praebet
1213 1791 1265 1841 R,
1294 1791 1361 1833 ad
1387 1791 1548 1833 finem
1575 1792 1822 1835 carminis
1841 1792 1902 1843 V,
1932 1792 2217 1846 praemissis
2242 1795 2421 1835 tamen
2444 1792 2525 1834 his

362 1849 556 1892 verbis:
580 1848 969 1902 superscriptio
984 1847 1233 1902 Epistolae
1252 1848 1432 1903 hujus,
1457 1849 1547 1891 ubi
1565 1849 1853 1903 composita
1874 1852 1929 1908 et
1946 1850 2014 1893 ab
2036 1850 2234 1894 Urania
2255 1849 2524 1904 obsignata

362 1905 535 1959 fuerit,
563 1907 682 1950 haec
709 1907 812 1949 erit
868 1917 911 1950 v.
934 1907 988 1950 13
1012 1907 1168 1949 Hanc
1192 1906 1519 1950 sexcenteno
1545 1918 1666 1961 quae
1694 1907 1897 1951 constat
1918 1907 2152 1962 Epistola
2174 1907 2324 1951 versu
2344 1909 2405 1960 V,
2432 1910 2525 1952 sed

363 1965 590 2008 correxit
690 1976 734 2008 v.
763 1965 816 2008 15
853 1965 981 2008 Tam
1008 1964 1223 2018 prolixa
1252 1965 1376 2008 ideo
1404 1964 1492 2018 est,
1522 1976 1591 2008 ne
1619 1965 1682 2008 sit
1706 1965 1969 2020 responsio
1991 1968 2204 2021 promta
2233 1967 2299 2010 V:
2330 1978 2465 2010 corr.
2487 1968 2526 2009 T

362 2033 406 2066 ν.
428 2024 482 2066 17
508 2023 640 2067 Haec
663 2024 751 2066 tua
771 2023 839 2066 ab
868 2023 1066 2067 Urania
1090 2022 1183 2066 tibi
1199 2022 1369 2066 fertur
1384 2023 1617 2077 Epistola
1643 2023 1795 2067 Titan
1816 2025 1880 2068 V:
1903 2036 2038 2069 corr.
2053 2026 2092 2068 T
2163 2035 2207 2069 v.
2226 2025 2277 2067 21
2308 2025 2529 2068 Detinet

361 2080 472 2123 Ars
496 2081 721 2124 nimium
750 2081 939 2124 nostris
963 2081 1183 2124 inimica
1209 2082 1430 2124 lacertis
1453 2082 1519 2125 V:
1545 2093 1679 2125 corr.
1701 2084 1739 2125 T
1816 2093 1860 2126 v.
1878 2083 1936 2126 22
1966 2083 2088 2126 Non
2114 2083 2349 2126 Hermes
2377 2083 2521 2135 tanti,

362 2141 458 2182 aut
473 2139 682 2183 Chimia
701 2141 805 2183 tota
819 2139 959 2183 soret
974 2140 1038 2183 V:
1056 2141 1258 2183 corr.T:
1286 2139 1457 2183 Crede
1471 2139 1620 2193 mihi,
1642 2141 1790 2183 haud
1808 2141 1940 2184 tanti
1954 2142 2059 2184 tota
2077 2141 2307 2196 Chymia
2321 2140 2521 2184 soretR.

363 2209 405 2241 v.
425 2197 482 2240 23
506 2197 616 2240 Ars
638 2209 778 2241 vana
799 2200 856 2241 et
874 2208 1080 2241 vacuas
1098 2197 1353 2252 linquens
1371 2197 1481 2241 sine
1500 2198 1610 2241 fine
1631 2209 1921 2242 crumenas
1940 2200 2005 2243 V:
2029 2211 2162 2243 corr.
2178 2201 2231 2242 T.

433 2267 477 2309 p.
502 2256 584 2299 194
609 2267 651 2300 ν.
671 2256 699 2298 2
725 2268 830 2299 om.
852 2258 889 2299 R
914 2257 966 2299 in
991 2258 1181 2300 lacuna
1264 2267 1307 2300 v.
1327 2256 1355 2299 3
1382 2255 1516 2314 Quae
1541 2258 1833 2314 comperta]
1860 2257 2154 2312 Explorata
2182 2259 2218 2300 R
2301 2268 2345 2302 v.
2364 2258 2392 2300 7
2419 2258 2525 2301 toto

363 2313 596 2357 maculis
615 2326 681 2357 ex
699 2315 947 2357 maculas
969 2315 1074 2357 toto
1095 2326 1229 2358 corr.
1246 2315 1291 2357 V
1350 2314 1486 2357 livet
1500 2315 1556 2372 T]
1574 2314 1774 2369 spargit
1788 2316 1834 2359 V
1888 2327 1931 2359 v.
1954 2316 2009 2359 14
2031 2315 2206 2370 sparsa
2226 2317 2282 2373 T]
2305 2315 2459 2359 tincta
2478 2316 2525 2359 V

362 2383 405 2416 v.
425 2372 482 2415 22
510 2372 763 2426 Suppetit
778 2373 835 2415 id
856 2373 1037 2429 totum]
1060 2372 1290 2426 Officiat,
1312 2371 1489 2415 ‘timidi
1506 2374 1543 2415 R
1632 2373 1689 2416 id
1703 2405 1714 2416 .
1732 2406 1743 2416 .
1762 2406 1772 2416 .
1789 2376 1907 2417 erat
1923 2387 1988 2417 ex
2006 2374 2061 2417 in
2082 2374 2313 2418 cauBam
2336 2372 2523 2417 cuncta

366 2431 570 2473 timoris
595 2433 727 2474 eunt
749 2443 882 2475 corr.
901 2432 945 2474 V
1022 2430 1244 2488 timoris]
1270 2431 1472 2474 doloris
1498 2433 1534 2474 R
1608 2442 1652 2475 v.
1672 2432 1845 2475 27—28
1876 2433 2057 2487 Teque
2081 2443 2223 2487 genu
2250 2432 2522 2476 excuBum

361 2488 543 2532 IaesiBe
568 2489 831 2542 atrociter,
860 2489 1094 2543 hincque
1122 2489 1236 2533 Sub
1259 2489 1462 2532 medici
1484 2488 1613 2533 cura
1640 2490 1943 2534 decubuisse
1964 2491 2055 2534 diu
2083 2493 2119 2534 R
2179 2501 2222 2534 v.
2242 2490 2299 2534 27
2323 2490 2450 2533 inde
2469 2491 2524 2547 T]

366 2558 527 2590 unum
549 2548 594 2590 V
642 2558 686 2591 v.
702 2548 759 2591 33
779 2548 867 2604 At]
883 2547 996 2592 Sed
1016 2549 1051 2590 R
1101 2559 1144 2591 v.
1163 2547 1221 2591 42
1249 2549 1299 2591 te
1314 2549 1444 2602 plus
1457 2550 1794 2592 remorentur
1809 2561 1874 2593 ex
1888 2550 2018 2604 plus
2032 2549 2225 2606 hinc(?)
2237 2548 2524 2592 remoreris

363 2617 497 2649 corr.
513 2606 573 2648 V.

432 2675 477 2717 p.
501 2664 583 2707 195
601 2674 644 2707 ν.
664 2663 692 2707 3
717 2663 807 2707 iBe
834 2676 898 2707 ex
924 2664 1028 2707 elie
1055 2676 1190 2708 corr.
1207 2665 1252 2707 V
1332 2675 1376 2708 v.
1395 2664 1423 2707 9
1448 2665 1579 2708 Idne
1601 2664 1757 2718 prius
1783 2665 2038 2709 brevibus
2063 2666 2247 2709 decuit
2268 2665 2524 2709 monuisse

365 2722 578 2765 tabellis
599 2723 635 2764 R
695 2733 739 2766 v.
763 2723 815 2765 17
840 2723 1069 2765 moreris
1087 2735 1153 2766 ex
1173 2723 1402 2766 moraris
1421 2734 1556 2767 corr.
1572 2723 1618 2766 V
1678 2735 1721 2767 v.
1739 2723 1798 2767 40
1821 2723 1960 2767 seret
1977 2726 2027 2767 R.

432 2791 477 2833 p.
500 2781 582 2823 196
601 2791 645 2823 ν.
664 2781 693 2823 4
718 2781 928 2838 cupias]
948 2791 1163 2835 quaeras
1183 2782 1220 2823 R
1274 2791 1318 2824 v.
1337 2781 1395 2823 22
1420 2780 1555 2824 mihi
1573 2794 1638 2825 ex
1652 2793 1846 2835 parum
1869 2784 2059 2826 corr.V
2113 2793 2156 2826 v.
2175 2782 2232 2825 27
2257 2781 2425 2839 instat]
2445 2782 2524 2824 in-

362 2838 506 2881 stans
524 2840 562 2881 T
610 2849 653 2882 v.
667 2839 724 2882 28
745 2838 941 2883 Sistere
961 2850 1064 2882 nec
1083 2840 1259 2883 calam
1268 2850 1354 2882 um
1376 2840 1522 2893 cogit
1537 2842 1799 2894 atroxque
1819 2841 1974 2885 dolor
1986 2842 2039 2893 T,
2062 2842 2150 2895 qui
2168 2853 2327 2895 supra
2346 2842 2524 2884 atrox-

363 2907 466 2950 que
487 2898 684 2940 addidit
703 2908 887 2940 amore
907 2899 990 2941 vel
1010 2909 1195 2941 amare
1285 2908 1329 2941 v.
1349 2897 1406 2941 29
1434 2897 1634 2951 vinum,
1654 2898 1732 2942 sal
1752 2900 1788 2941 R
1877 2910 1921 2943 v.
1940 2899 1991 2943 31
2022 2900 2292 2942 calamum
2312 2899 2366 2956 T]
2388 2909 2525 2953 pen-

362 2966 487 2997 nam
508 2956 554 2999 V
614 2966 657 2999 v.
677 2955 734 2999 35
759 2955 1051 3010 Pagasaeus
1070 2956 1390 3013 scripsimus]
1409 2956 1700 3010 Pegasaeus
1718 2957 1824 3001 VR.

432 3024 477 3066 p.
501 3013 583 3057 197
608 3025 651 3057 ν.
670 3014 699 3056 4
724 3014 1028 3057 exhibitura
1055 3026 1120 3058 ex
1145 3013 1488 3068 suppeditura
1515 3015 1712 3058 corr.V
1806 3026 1850 3059 v.
1870 3016 1898 3058 7
1925 3015 2105 3069 utique
2132 3017 2168 3058 R
2266 3026 2310 3059 v.
2333 3015 2386 3058 15
2413 3014 2522 3072 Sis]

364 3071 457 3114 Sic
478 3073 514 3114 R
564 3071 658 3115 Sis
676 3072 840 3126 igitur
853 3073 908 3130 T]
929 3073 1071 3127 Ergo
1086 3074 1248 3126 pater
1264 3074 1316 3116 tu
1338 3073 1383 3115 V
1431 3072 1597 3116 Pater
1611 3075 1668 3117 et
1683 3074 1738 3131 T]
1758 3075 1895 3117 ades
1914 3074 1959 3117 V
2007 3084 2051 3117 v.
2067 3074 2117 3117 21
2141 3073 2304 3131 hunc]
2325 3073 2466 3117 hanc
2486 3074 2523 3115 R

363 3140 405 3173 v.
425 3129 482 3172 27
502 3131 772 3187 petuntur]
787 3132 1045 3184 petamus
1065 3132 1101 3173 R
1161 3141 1205 3174 v.
1225 3130 1282 3174 36
1305 3130 1387 3173 illi
1406 3132 1456 3174 R.

432 3198 477 3240 p.
501 3188 583 3231 198
608 3199 651 3231 ν.
670 3189 728 3231 24
751 3189 920 3247 Aura]
949 3190 1091 3233 unda
1117 3190 1154 3231 R
1232 3199 1275 3232 v.
1294 3188 1351 3232 28
1384 3188 1454 3232 Ut
1474 3189 1742 3233 soecundae
1765 3190 1917 3234 Artis
1942 3189 2297 3233 conficiamus
2323 3200 2461 3244 opus
2486 3190 2522 3232 R

363 3256 406 3289 v.
425 3245 482 3289 33
506 3246 646 3303 Non]
672 3247 830 3290 Nunc
857 3249 893 3290 R
963 3258 1007 3291 v.
1026 3248 1077 3290 41
1108 3246 1219 3304 lim]
1245 3246 1354 3289 line
1381 3248 1417 3289 R
1490 3258 1534 3291 v.
1552 3248 1610 3291 42
1634 3248 1792 3292 Forte
1817 3250 1875 3292 et
1896 3247 1965 3291 [ic
1990 3248 2106 3292 Iudi
2129 3247 2315 3291 crebra
2336 3248 2521 3302 puella

366 3304 511 3347 volet
526 3304 591 3347 V:
615 3316 749 3348 corr.
765 3307 816 3349 T.
1906 3316 1908 3318 ’
