2730 4264
414 334 517 384 240
1090 331 1367 382 VARIAE
1396 329 1887 382 SCRIPTURAE

484 482 528 523 p.
548 469 627 513 201
657 483 698 511 ν.
718 469 746 511 9
770 471 888 522 post
911 466 1010 509 IX⁸
1035 467 1152 509 add.
1175 467 1333 509 domo
1359 466 1396 507 B
1421 477 1561 508 man.
1582 477 1658 519 pr.
1720 479 1761 508 v.
1781 465 1838 509 23
1849 466 2160 524 pollicetur]
2181 467 2507 521 promittitur
2528 470 2565 517 B
2654 469 2665 487 ‘

414 529 502 571 ubi
519 532 697 570 tamen
716 528 806 569 litt.
828 536 940 568 rom
966 526 1150 567 deletae
1169 527 1288 566 sunt
1347 537 1388 565 v.
1407 522 1465 565 34
1490 533 1612 576 qvae
1636 523 1691 565 in
1719 533 1809 566 ore
1835 523 1909 567 est
1929 523 2077 579 Syrii
2099 524 2429 569 constitutam
2458 538 2561 570 om.

415 587 451 628 B
471 598 610 628 man.
632 598 707 639 pr.
770 598 810 626 v.
830 583 887 625 36
906 582 1087 638 etiam]
1110 582 1198 623 vel
1217 581 1439 624 fortasse
1458 581 1496 622 B
1515 593 1654 624 man.
1676 593 1752 635 pr.

483 655 527 696 p.
547 642 633 686 202
651 656 692 684 ν.
713 643 739 684 7
764 653 795 684 a
817 653 881 683 ex
901 640 971 683 ad
991 651 1123 683 corr.
1146 641 1190 680 A
1250 653 1290 680 v.
1311 638 1338 680 8
1361 638 1660 696 benevolis]
1683 640 1952 683 venerosis
1973 641 2010 682 B
2029 653 2169 684 man.
2190 653 2266 695 pr.
2287 643 2566 685 urvidetur

413 715 454 743 v.
483 701 536 743 18
567 699 660 742 etsi
687 712 790 743 om.
819 699 1040 741 fortasse
1069 698 1106 739 B
1134 709 1273 739 man.
1302 709 1376 750 pr.
1457 710 1498 739 v.
1527 696 1581 739 19
1612 697 1921 741 intueantur
1945 695 1982 741 B
2010 711 2150 742 man.
2177 711 2253 754 pr.
2280 703 2337 742 ut
2362 701 2566 743 videtur

412 774 453 801 v.
473 759 523 801 31
555 756 859 800 medionale
886 757 923 798 B
948 767 1087 799 man.
1108 766 1184 808 pr.
1276 754 1575 807 Procyonis
1593 756 1683 798 AB
1707 768 1847 800 man.
1868 757 1992 814 sec.]
2019 755 2335 811 Scomionis
2361 758 2398 800 B
2422 771 2562 802 man.

412 829 505 870 pr.,
536 817 653 859 add.
681 825 808 857 vero
836 825 993 867 supra
1022 824 1234 855 versum
1264 812 1579 865 Scorpionis
1606 814 1699 856 AB
1726 827 1866 858 man.
1894 826 1997 858 sec.
2065 828 2107 857 v.
2133 815 2190 858 32
2220 815 2505 859 evidenter
2529 817 2566 859 B

412 887 550 917 man.
572 886 647 927 pr.
669 876 725 915 ut
743 872 947 914 videtur
1005 885 1047 913 v.
1066 870 1117 912 41
1141 869 1255 912 fere
1275 882 1379 914 om.
1402 871 1439 912 B
1458 883 1597 914 man.
1618 883 1694 925 pr.
1787 872 1907 930 hoc]
1928 872 2025 916 Sol
2044 874 2081 915 B
2100 886 2239 917 man.
2262 885 2337 928 pr.

479 943 523 984 p.
544 931 630 973 203
648 945 689 973 ν.
710 930 736 972 6
757 929 806 972 ὅτ
825 941 928 972 om.
951 930 988 971 B
1008 941 1147 971 man.
1169 939 1244 982 pr.
1302 942 1343 970 v.
1363 928 1391 970 9
1409 926 1785 972 concidente}
1803 943 1943 974 man.
1964 943 2040 985 pr.
2091 945 2132 974 v.
2156 931 2210 974 12
2229 932 2382 988 qvas]
2403 930 2562 986 qvam

411 990 632 1032 fortasse
652 990 689 1030 Β
707 1000 846 1030 man.
868 999 943 1041 pr.
1006 1001 1047 1029 v.
1071 986 1124 1029 19
1144 986 1216 1043 Δ]
1236 985 1264 1028 4
1284 987 1322 1028 Β
1342 999 1481 1029 man.
1502 999 1578 1041 pr.
1642 1001 1683 1030 v.
1702 987 1761 1031 35
1779 988 1956 1032 Ponet
1972 989 2023 1031 Β.

479 1058 523 1099 p.
537 1046 623 1089 204
642 1060 683 1088 ν.
697 1044 812 1088 4--5
831 1043 1203 1087 difficultatem
1219 1045 1488 1098 quandam
1506 1046 1543 1087 B
1556 1058 1696 1088 man.
1706 1058 1781 1100 pr.
1815 1060 1857 1089 v.
1868 1046 1922 1089 10
1935 1045 2161 1091 sortunae
2176 1059 2279 1091 om.
2291 1049 2563 1102 Bman.pr.

410 1119 450 1147 v.
474 1105 520 1147 11
552 1104 695 1147 hunc
715 1103 769 1145 in
790 1103 1007 1145 modum
1030 1103 1067 1144 B
1085 1115 1225 1145 man.
1247 1115 1323 1157 pr.
1386 1116 1427 1145 v.
1447 1103 1504 1146 28
1523 1102 1788 1157 aspedtum
1811 1116 1915 1148 om.
1939 1105 1977 1147 B
1995 1117 2135 1149 man.
2156 1118 2232 1160 pr.
2289 1119 2331 1149 v.
2351 1105 2408 1149 33
2429 1105 2566 1148 indi-

409 1164 585 1206 catum
608 1161 681 1204 est
700 1172 822 1203 eum
843 1160 1099 1214 insignem
1122 1158 1387 1203 fortunam
1409 1172 1513 1204 om.
1530 1162 1720 1204 Bman.
1735 1174 1812 1216 pr.
1874 1176 1915 1205 v.
1935 1162 1992 1205 37
2007 1173 2139 1217 pars
2160 1175 2264 1207 om.
2281 1164 2318 1206 B
2332 1176 2470 1206 man.
2486 1176 2562 1218 pr.

409 1234 449 1263 v.
469 1220 526 1263 39
540 1219 879 1274 portenditur
893 1220 930 1261 Β
951 1231 1090 1262 man.
1113 1231 1188 1273 pr.
1251 1233 1292 1261 v.
1312 1219 1370 1261 42
1388 1218 1701 1273 aBignatum
1725 1232 1830 1264 om.
1853 1221 1890 1263 B
1908 1233 2048 1264 man.
2070 1233 2145 1275 pr.
2161 1244 2203 1252 κ

477 1290 521 1331 p.
541 1278 627 1321 205
652 1292 693 1320 ν.
713 1278 741 1320 3
766 1277 1043 1334 exqvisite]
1068 1275 1257 1319 exadte
1284 1278 1321 1319 B
1346 1289 1485 1320 man.
1513 1289 1617 1321 sec.
1692 1292 1733 1322 v.
1753 1278 1781 1320 6
1805 1282 1924 1332 post
1948 1279 2003 1321 6·
2028 1280 2147 1323 add.
2175 1279 2335 1323 domo
2361 1281 2399 1322 Β
2423 1292 2562 1323 man.

407 1349 483 1391 pr.
575 1335 649 1378 est
671 1336 808 1391 (post
831 1335 1062 1391 insuper)
1087 1347 1191 1379 om.
1219 1336 1256 1378 Β
1282 1348 1422 1378 man.
1450 1347 1526 1389 pr.
1594 1350 1635 1378 v.
1659 1336 1707 1379 11
1738 1335 1770 1394 ἕ
1791 1348 1896 1380 om.
1919 1337 1956 1379 B
1981 1349 2122 1381 man.
2142 1350 2220 1392 pr.
2288 1351 2329 1381 v.
2348 1337 2400 1381 21
2430 1337 2566 1381 anti-

405 1394 569 1438 sciam
597 1395 634 1437 Β
659 1407 799 1437 man.
826 1406 902 1448 pr.
974 1408 1015 1436 v.
1040 1392 1098 1436 25
1131 1393 1327 1450 tamen]
1352 1393 1407 1435 in
1435 1394 1473 1435 Β
1496 1406 1636 1437 man.
1658 1406 1734 1449 pr.
1808 1408 1849 1437 v.
1875 1394 1933 1438 34
1962 1394 2138 1438 causis
2162 1394 2504 1440 inferioribus
2529 1396 2567 1438 Β

407 1466 546 1496 man.
567 1465 643 1507 pr.
706 1466 747 1495 v.
767 1452 824 1495 36
845 1453 934 1495 vel
952 1451 1133 1508 etiam]
1154 1452 1210 1497 et
1227 1452 1264 1494 B
1283 1464 1423 1494 man.
1446 1464 1521 1506 pr.

476 1523 521 1564 p.
540 1511 627 1554 206
645 1525 687 1553 v.
706 1510 822 1554 5-6
847 1509 921 1553 est
935 1542 945 1553 .
964 1543 974 1553 .
993 1542 1003 1553 .
1023 1510 1108 1552 11ae
1127 1509 1323 1553 domus
1348 1521 1452 1553 om.
1475 1511 1513 1552 Β
1531 1523 1670 1554 man.
1693 1523 1769 1565 pr.
1831 1524 1872 1554 v.
1892 1511 1950 1554 22
1973 1515 2092 1566 post
2117 1513 2235 1556 esto
2261 1513 2379 1556 add.
2401 1512 2564 1555 etiam

407 1570 445 1612 B
464 1581 603 1612 man.
625 1581 701 1623 pr.
763 1583 805 1611 v.
824 1568 882 1611 34
901 1572 952 1612 et
970 1583 1012 1612 v.
1031 1568 1083 1611 41
1107 1572 1226 1622 post
1249 1568 1328 1610 12³
1348 1569 1466 1611 add.
1489 1569 1649 1613 domo
1668 1570 1706 1612 B
1725 1581 1865 1612 man.
1887 1582 1963 1624 pr.

475 1638 520 1680 p.
539 1626 626 1670 207
645 1640 686 1669 ν.
707 1626 822 1670 7-8
842 1626 891 1670 ὰ
909 1627 1106 1671 domus
1120 1658 1130 1669 .
1150 1660 1160 1670 .
1179 1659 1188 1669 .
1204 1625 1566 1670 Ascendentis
1585 1639 1689 1671 om.
1713 1627 1751 1670 B
1768 1639 1908 1672 man.
1930 1640 2007 1683 pr.
2069 1642 2110 1671 v.
2134 1628 2188 1672 19
2210 1628 2259 1672 8(
2277 1629 2566 1672 damnatus

407 1698 511 1729 om.
535 1687 572 1729 B
590 1698 731 1729 man.
753 1698 829 1740 pr.

556 1821 687 1880 AD
716 1819 1368 1880 HOROSCOPUM
1397 1820 1842 1881 PRINCIPIS
1869 1821 2412 1882 HULDARICI.

475 1930 520 1972 p.
545 1918 632 1961 215
659 1932 701 1961 ν.
729 1917 783 1961 18
810 1917 1107 1961 Descensio
1132 1930 1198 1961 ex
1221 1917 1486 1962 Ascensio
1514 1930 1648 1964 corr.
1680 1919 1796 1962 cod.
1868 1933 1909 1962 v.
1934 1918 1992 1962 22
2018 1927 2076 1970 ἦε
2104 1931 2169 1963 ex
2197 1920 2253 1977 []
2282 1930 2417 1963 corr.
2447 1921 2563 1964 cod.

406 1991 446 2019 v.
466 1977 524 2020 23
542 1977 648 2032 949
671 1989 736 2020 ex
758 1982 798 2027 <9
823 1982 851 2028 ε(
879 1988 1013 2020 corr.
1037 1977 1153 2020 cod.
1216 1990 1257 2019 v.
1277 1975 1336 2019 24
1360 1978 1464 2032 (1)(3·
1488 1989 1555 2020 ex
1573 1977 1677 2034 Δὶι
1695 1989 1830 2022 corr.
1853 1979 1970 2021 cod.

475 2046 520 2088 p.
539 2035 627 2078 216
645 2049 687 2078 ν.
707 2035 765 2078 20
789 2034 847 2078 38
865 2034 895 2078 0
912 2046 978 2078 ex
996 2034 1055 2077 46
1072 2034 1131 2077 30
1149 2046 1284 2078 corr.
1307 2036 1423 2079 cod.
2050 2052 2065 2076 ·.

450 2136 454 2141 ,
475 2104 520 2146 p.
540 2093 626 2136 217
645 2107 687 2136 ν.
706 2093 763 2136 38
789 2092 864 2136 est
881 2105 946 2136 ex
964 2092 1015 2136 1&
1035 2105 1170 2137 corr.
1193 2094 1309 2136 cod.
2140 2147 2143 2153 .

474 2163 519 2205 p.
539 2151 625 2195 219
643 2166 685 2195 ν.
708 2151 762 2194 19
785 2150 1111 2205 supertisiose
1142 2152 1281 2195 cod.:
1315 2152 1640 2196 correximus
1738 2166 1778 2195 v.
1804 2151 1863 2195 20
1884 2151 2255 2209 >artesicialiter
2281 2154 2422 2197 cod.:
2455 2163 2567 2197 cor-

405 2222 652 2254 reximus.

475 2279 519 2322 p.
539 2268 626 2311 220
649 2282 691 2311 ν.
711 2268 739 2311 3
775 2267 1050 2312 exlatione
1076 2269 1215 2312 cod.:
1244 2268 1568 2312 correximus
1634 2282 1675 2311 v.
1705 2268 1752 2311 11
1787 2268 2046 2311 indicium
2074 2270 2214 2313 cod.:
2243 2271 2566 2314 correximus

405 2341 447 2369 v.
467 2326 524 2370 29
538 2326 710 2381 pos3et
726 2339 791 2370 ex
805 2326 963 2380 poBit
979 2338 1114 2370 corr.
1136 2327 1253 2370 cod.

474 2396 518 2438 p.
538 2384 619 2428 221
644 2399 685 2428 v.
705 2386 733 2427 7
751 2388 869 2439 post
886 2384 1079 2428 incidit
1093 2385 1318 2439 praebuit
1336 2384 1497 2438 idque
1518 2385 1653 2437 cod„
1674 2386 1766 2428 sed
1786 2385 1977 2429 delevit
2036 2399 2077 2428 v.
2101 2386 2148 2428 11
2173 2385 2564 2441 beneficj'cod.:

406 2443 731 2487 correximus
791 2457 832 2500 ν.
851 2442 909 2486 40
927 2442 1218 2486 lesionibus
1237 2455 1303 2487 ex
1320 2442 1617 2490 resionibus
1637 2455 1771 2487 corr.
1794 2445 1910 2487 cod.

474 2513 518 2555 p.
538 2501 625 2545 222
643 2516 684 2544 v.
704 2501 732 2544 2
757 2500 957 2544 ididem
980 2502 1119 2545 cod.:
1142 2501 1469 2545 correximus
1526 2515 1567 2544 v.
1588 2501 1638 2545 31
1669 2501 1910 2556 Itaque..
1929 2534 1940 2545 .
1962 2501 2036 2545 est
2055 2514 2119 2545 ex
2139 2502 2228 2545 Est
2244 2502 2426 2556 itaque
2445 2502 2566 2545 naec

404 2559 719 2628 significatio
731 2570 833 2613 pro
847 2559 956 2603 vita
973 2559 1265 2603 mediocris
1284 2571 1420 2604 corr.
1435 2561 1552 2604 cod.
1603 2574 1644 2602 v.
1658 2559 1716 2603 40
1734 2559 1938 2603 antiBia
1959 2561 2075 2604 cod.
2096 2561 2171 2618 (ut
2184 2561 2305 2604 alibi
2319 2560 2564 2617 quoque):

405 2629 745 2662 correx1muS.
1122 2628 1125 2630 ·

473 2688 517 2730 p.
538 2676 624 2719 223
642 2691 684 2719 ν.
703 2676 755 2719 41
779 2676 869 2719 hic
884 2676 1080 2719 modus
1094 2687 1159 2719 ex
1172 2676 1232 2718 hi
1243 2676 1391 2719 modi
1403 2687 1538 2728 corr.
1552 2677 1668 2720 cod.
1711 2690 1752 2720 v.
1766 2675 1824 2720 42
1845 2675 2010 2719 vitale
2024 2688 2088 2720 ex
2105 2676 2286 2720 vitalae
2300 2688 2434 2720 corr.
2447 2676 2564 2720 cod.

472 2746 517 2788 p.
537 2735 624 2777 225
642 2748 684 2778 v.
703 2735 732 2778 3
749 2734 961 2789 genesis
982 2735 1122 2779 cod.:
1145 2734 1472 2779 correximus
1511 2748 1552 2778 v.
1566 2734 1625 2778 34
1642 2733 1906 2778 substilius
1927 2735 2066 2779 cod.:
2089 2735 2415 2779 correximus
2453 2748 2495 2778 v.
2509 2734 2567 2777 42

404 2792 683 2836 extitiosus
702 2793 842 2837 cod.:
864 2793 1208 2837 correximus.

473 2863 517 2904 p.
537 2851 624 2895 226
644 2865 685 2894 ν.
709 2851 762 2895 16
786 2852 1133 2895 commoratae
1158 2852 1297 2895 cod.:
1319 2851 1646 2907 correximus
1715 2865 1756 2894 v.
1776 2851 1833 2895 35
1858 2851 2053 2895 cadida
2081 2852 2219 2896 cod.:
2242 2852 2566 2896 correximus

404 2924 444 2952 v.
464 2909 515 2952 41
540 2910 752 2953 Martus
771 2911 888 2954 cod.
910 2914 967 2953 ut
985 2910 1207 2953 videtur:
1232 2910 1572 2953 correximus.

473 2979 517 3021 p.
537 2967 624 3011 227
642 2982 684 3011 v.
707 2968 760 3011 17
781 2967 1023 3022 poBibile
1044 2967 1115 3010 eli
1137 2979 1201 3011 ex
1215 2967 1373 3021 poBit
1388 2967 1525 3012 corr.
1542 2969 1659 3011 cod.

473 3037 518 3079 p.
537 3026 623 3070 228
641 3036 683 3069 ν.
702 3027 731 3070 8
753 3036 881 3070 vero
899 3029 1083 3081 postea
1101 3027 1315 3070 inseruit
1334 3027 1450 3070 cod.
1494 3040 1536 3069 v.
1550 3026 1608 3069 27
1625 3026 1848 3069 inducet
1863 3030 2047 3081 postea
2065 3026 2279 3070 inseruit
2298 3028 2413 3070 cod.
2454 3039 2495 3068 v.
2509 3025 2566 3068 29

398 3084 699 3138 periculosa
725 3084 918 3128 existat
939 3096 1005 3128 ex
1024 3084 1342 3138 periculosas
1367 3083 1598 3128 existant
1619 3096 1753 3128 corr.
1782 3085 1899 3129 cod.
1971 3098 2013 3127 v.
2032 3084 2091 3127 30
2120 3083 2402 3128 intendent
2424 3085 2564 3128 cod.:

405 3143 729 3186 correximus
795 3157 836 3186 v.
855 3142 913 3186 34
939 3146 1059 3198 post
1084 3142 1233 3186 Solis
1258 3143 1481 3197 praebuit
1506 3141 1746 3186 defertur
1767 3143 1901 3195 cod„
1929 3144 2021 3186 sed
2047 3143 2236 3187 delevit
2302 3156 2342 3185 v.
2362 3142 2419 3185 36
2442 3152 2566 3196 per-

406 3200 574 3254 tinget
589 3213 655 3244 ex
669 3200 929 3256 pertingit
945 3213 1080 3245 corr.
1103 3202 1219 3245 cod.
1283 3215 1324 3244 v.
1344 3201 1402 3244 38
1419 3211 1546 3243 nam
1568 3201 1647 3244 bis
1667 3202 1783 3245 cod.

473 3269 518 3312 p.
537 3258 624 3302 229
642 3273 683 3302 ν.
707 3259 760 3302 16
780 3258 1166 3313 oppreBionem
1187 3271 1253 3303 ex
1272 3258 1659 3313 appreBionem
1683 3270 1817 3303 corr.
1834 3260 1951 3303 cod.
2003 3273 2043 3302 v.
2058 3259 2116 3302 27
2134 3262 2254 3302 ante
2270 3257 2418 3302 Solis
2437 3269 2567 3312 prae-

404 3317 513 3360 buit
532 3316 728 3359 ascend
749 3318 882 3368 cod„
904 3317 996 3360 sed
1017 3317 1220 3360 delevit.
