2730 4264
411 344 501 394 162
1135 337 1841 391 COMPOSITIONES

410 489 524 532 tem
545 480 832 543 sulphuris
851 479 1138 529 sublimati
1157 480 1218 527 in
1238 477 1292 527 se
1313 476 1510 527 oleum
1525 476 1815 526 resolverit
1829 474 2074 527 tinctura
2086 476 2562 527 rubicundissima.

411 551 761 613 Separentur
780 555 841 599 ut
860 551 1036 611 priuS,
1064 554 1116 597 et
1137 547 1206 597 de
1227 545 1451 596 refiduo
1472 546 1696 596 essentia
1716 548 1994 596 nimirum
2012 544 2300 607 sulphuris
2320 544 2565 596 addatur

409 622 586 683 priori
599 618 900 669 Theriacae
922 613 1173 666 extracto
1193 617 1380 678 portio
1397 617 1520 665 eius
1535 615 1895 673 duodecima,
1916 617 1995 665 ita
2008 621 2070 665 ut
2082 613 2383 665 Theriacae
2398 615 2564 665 essen-

408 692 489 740 tia
504 695 585 739 tot
598 688 818 738 vicibus
839 686 1149 748 exsuperet.
1173 684 1387 735 Oleum
1400 699 1541 734 vero
1559 686 1809 746 iuniperi
1828 683 2118 734 residuum
2132 690 2186 735 et
2199 683 2566 747 aliquatenus

409 759 734 821 separatum
747 771 848 819 per
862 754 1298 806 destillationem
1317 753 1632 804 reservetur
1651 756 1713 804 in
1731 753 2014 816 plurimos
2034 752 2167 804 usus
2186 753 2356 817 longe
2377 752 2565 804 effica-
2614 772 2635 805 ⁵

411 831 531 878 cius
558 841 736 889 quam
761 831 949 876 antea.
977 823 1173 874 Postea
1198 823 1443 874 addatur
1463 823 1534 874 de
1554 821 1904 874 extractione
1924 822 2238 886 Angelicae,
2264 822 2565 887 Abfinthij‚

409 896 719 959 praesertim
739 893 868 944 salis
889 893 1149 944 Karabes
1175 892 1292 943 albi
1318 891 1477 955 quafi
1495 892 1766 956 vigesima
1791 898 1999 955 quarta
2022 907 2172 955 pam,
2198 891 2376 956 ijsque
2402 892 2568 943 fimul

409 964 614 1016 iunctis
636 972 689 1014 et
708 963 962 1014 adunitis
982 963 1312 1025 digerantur
1333 964 1533 1013 omnia
1553 961 1747 1012 denuo
1764 964 1824 1012 in
1841 961 2035 1024 tepido
2050 961 2242 1012 calore
2258 961 2453 1013 balnei
2466 977 2569 1025 per

410 1033 720 1092 odiiduum,
748 1031 1127 1095 superaddita,
1154 1030 1194 1081 fi
1219 1030 1392 1090 lubet,
1419 1031 1619 1094 aliqua
1642 1037 1804 1094 parte
1830 1031 1900 1082 de
1925 1031 2122 1095 spiritu
2140 1033 2262 1082 vini
2287 1034 2446 1095 prius
2473 1046 2566 1082 ex-

407 1101 603 1162 trac'tQ
619 1110 680 1153 ut
692 1103 1015 1165 promptius
1029 1100 1374 1152 misceantur
1388 1107 1442 1151 et
1456 1103 1750 1159 uniantur,
1766 1103 1866 1164 qui
1880 1100 2038 1151 sicuti
2051 1107 2224 1152 antea
2236 1116 2338 1164 per
2351 1115 2568 1152 novam
2619 1118 2660 1153 ιο

408 1173 779 1223 filtrationem
809 1178 863 1222 et
891 1170 1327 1222 destillationem
1355 1170 1490 1221 inde
1518 1170 1770 1233 separari
1798 1169 1990 1233 potest,
2022 1170 2206 1221 donec
2234 1170 2456 1234 liquida
2483 1185 2568 1221 re-

408 1248 643 1293 maneat
667 1244 912 1292 materia
937 1243 1098 1291 omni
1123 1255 1269 1292 auro
1295 1243 1357 1291 in
1382 1239 1484 1291 sua
1510 1243 1827 1303 quantitate
1848 1247 1902 1291 et
1920 1240 2176 1303 pondere
2196 1239 2568 1303 praestantior,

409 1327 587 1375 quam
606 1312 646 1361 fi
665 1318 861 1362 tamen
882 1310 1074 1362 adhuc
1093 1312 1277 1374 magis
1298 1309 1552 1361 exaltare
1571 1309 1708 1361 libet
1728 1317 1782 1361 et
1802 1309 2076 1361 adhibere
2100 1310 2175 1360 ad
2199 1309 2393 1373 plures
2418 1325 2569 1360 mor-

407 1383 512 1433 bos
538 1381 868 1432 humanum
895 1396 1104 1444 corpus
1129 1380 1472 1439 infestanteS‚
1499 1379 1862 1431 debilitantes
1888 1385 1941 1430 et
1967 1374 2377 1446 de-ssstruenteS‚
2407 1385 2570 1444 quot·
2611 1389 2662 1432 3r

409 1458 549 1515 quot
568 1450 874 1502 sudorifico
895 1449 1276 1501 confortativo
1296 1448 1541 1513 propelli
1564 1450 1800 1513 possunt,
1828 1448 2017 1513 qualis
2038 1449 2112 1500 est
2131 1449 2371 1501 dimidia
2389 1449 2570 1500 ferme
2623 1466 2663 1500 1⁵

409 1524 675 1573 omnium
696 1536 899 1571 eorum
918 1535 1069 1583 pam,
1090 1520 1162 1571 fic
1181 1520 1488 1584 agendum.

477 1592 811 1654 Accipiatur
836 1592 1139 1654 antimonij
1164 1589 1482 1654 Regulizati
1507 1592 1569 1640 in
1593 1588 2049 1640 reverberatorio
2068 1587 2246 1649 fixati,
2272 1587 2572 1652 postquam

407 1661 578 1712 instar
592 1660 845 1711 Alcohol
863 1675 965 1724 per
985 1660 1341 1711 cucurbitam
1359 1666 1607 1711 terream
1627 1658 1966 1710 inclinatam
1990 1657 2122 1710 forti
2147 1661 2278 1723 igne
2302 1657 2571 1710 transivit.

408 1732 530 1795 Figi
549 1737 746 1782 autem
766 1731 932 1781 debet
951 1733 1013 1781 in
1032 1730 1487 1781 reverberatorio
1509 1729 1702 1780 clauso
1723 1728 2016 1779 successive
2042 1726 2212 1779 aucto
2238 1728 2447 1787 calore,
2473 1728 2571 1780 do-

408 1816 515 1852 nec
528 1800 927 1852 volatilitatem
943 1807 996 1851 et
1011 1800 1426 1851 Mercurialem
1443 1798 1830 1850 corrofionem
1844 1798 2092 1850 amiserit
2111 1801 2420 1862 ignemque
2440 1813 2573 1849 can·
2620 1814 2665 1848 20

409 1871 641 1922 dentem
666 1870 933 1922 sustinere
958 1872 1165 1933 poterit
1191 1869 1403 1933 absque
1428 1869 1609 1920 fumo.
1633 1868 1799 1919 Tunc
1818 1867 2076 1932 'amplius
2099 1867 2428 1919 sensibiliter
2452 1882 2575 1919 non

408 1947 614 2005 purgat
626 1955 818 2004 neque
833 1955 935 2004 per
947 1940 1106 1991 sedes
1119 1955 1312 2003 neque
1326 1955 1428 2003 per
1440 1942 1743 1998 vomitum,
1765 1953 1872 1990 nec
1889 1938 2074 1989 ullam
2089 1944 2284 1989 movet
2296 1937 2575 1989 nauseam

409 2018 510 2062 aut
536 2025 746 2074 corpus
772 2025 1011 2074 quoquo
1036 2010 1214 2061 modo
1241 2009 1513 2068 debilitat,
1539 2008 1634 2060 sed
1658 2008 2025 2060 solummodo
2053 2008 2247 2059 lenem
2276 2007 2399 2071 (ubi
2427 2021 2575 2071 opus

409 2081 603 2143 fuerit)
624 2083 731 2132 ciet
750 2080 1034 2140 sudorem,
1058 2078 1466 2132 obstructiones
1486 2081 1686 2142 aperit,
1712 2078 1899 2130 febres
1919 2093 2123 2130 omnes
2142 2077 2302 2141 pellit
2321 2084 2455 2129 ante
2474 2092 2574 2141 pa-

410 2150 707 2216 roxysmos
732 2150 1040 2214 sumptum,
1067 2165 1306 2201 omnem
1330 2149 1624 2213 sanguinis
1648 2148 2078 2200 immunditiem
2103 2147 2248 2199 tollit
2269 2154 2322 2199 et
2341 2147 2576 2199 morbos
2623 2163 2667 2198 25

411 2236 482 2272 ex
502 2221 612 2272 hac
632 2227 960 2285 prognatOS‚
981 2219 1325 2284 superatque
1345 2218 1541 2270 multis
1560 2219 1749 2270 modis
1762 2219 2110 2270 Panacaeam
2127 2233 2285 2269 nunc
2300 2219 2468 2269 toties
2481 2217 2575 2268 de·

411 2297 718 2350 cantatam,
740 2290 929 2354 estque
950 2292 1193 2341 omnino
1207 2292 1516 2341 innoxium
1529 2304 1632 2352 per
1645 2289 1700 2339 se
1713 2289 2203 2340 medicamentum
2219 2294 2392 2351 atque
2406 2286 2578 2338 instar

410 2361 665 2413 sacchari
690 2362 888 2412 assumi
912 2360 1089 2423 potest
1115 2363 1290 2412 etiam
1314 2362 1377 2410 in
1401 2375 1616 2423 magna
1642 2358 1775 2410 dofi.
1806 2360 1883 2410 At
1908 2373 2030 2410 non
2056 2373 2204 2422 opus
2231 2357 2305 2409 est
2329 2359 2391 2409 in
2417 2355 2577 2409 dietis

410 2431 628 2483 morbis
650 2430 755 2482 nili
773 2432 822 2482 7.
843 2431 892 2482 9.
913 2430 1007 2481 vel
1027 2431 1099 2481 12.
1119 2445 1302 2494 grana
1321 2430 1459 2481 dare
1478 2432 1541 2480 in
1561 2431 1942 2480 conveniente
1962 2428 2206 2492 liquore,
2233 2434 2287 2479 et
2311 2427 2578 2479 sudorem

413 2501 475 2564 (fi
494 2507 705 2552 natura
723 2500 900 2563 volet)
927 2514 1257 2563 procurare,
1282 2506 1527 2564 purgato
1552 2501 1713 2562 prius
1739 2497 2210 2550 antecedentibus
2233 2497 2438 2549 diebus
2456 2512 2577 2548 cor·
2625 2512 2670 2547 3ο

411 2587 568 2634 pore,
589 2571 630 2621 fl
649 2573 824 2622 nimis
843 2570 1051 2621 scateat
1071 2570 1431 2628 humoribuS‚
1453 2569 1628 2632 idque
1647 2569 1761 2620 levi
1780 2568 2042 2628 solutivo‚
2062 2583 2137 2619 ne
2156 2568 2446 2619 medicina
2457 2573 2579 2618 tam

411 2641 684 2704 praestans
705 2644 767 2691 in
786 2643 857 2705 ijs
876 2640 1285 2704 submergatur.
1313 2639 1380 2690 In
1400 2639 1749 2702 Epidemicis
1768 2654 1925 2697 vero,
1953 2639 2024 2690 de
2051 2638 2261 2702 quibus
2286 2652 2444 2688 nunc
2463 2639 2578 2701 agi-

411 2719 520 2769 tur,
556 2711 803 2762 addatur
839 2713 964 2761 eius
998 2725 1133 2774 pars
1167 2710 1393 2761 decima
1420 2709 1577 2760 sexta
1603 2709 1698 2760 vel
1724 2708 1994 2760 vicesima
2023 2711 2202 2772 priori
2230 2708 2491 2766 essentiae‚
2525 2712 2579 2758 et

411 2780 757 2833 misceantur
777 2795 956 2844 quam
976 2780 1403 2845 diligentissime.
1430 2775 1451 2846 ΙΙ
1477 2779 1701 2830 Possunt
1725 2778 1956 2843 insuper
1981 2778 2117 2830 addi
2141 2777 2269 2829 haec
2295 2776 2579 2829 conforta-
2621 2784 2696 2831 3*,

411 2854 531 2903 tiva
551 2851 1028 2903 excellentissima.
2626 2860 2674 2897 35
2703 2915 2705 2918 Α

693 2954 985 3007 Tin6turae
1005 2957 1135 3011 auri
1155 2969 1278 3006 non
1298 2953 1600 3006 corrofivae
1619 2952 1919 3017 scrupulus
1939 2953 2213 3004 dimidius

692 3027 935 3090 Argenti
954 3025 1186 3077 resoluti
1205 3024 1321 3076 fine
1342 3022 1668 3075 corrofione
1687 3023 1989 3087 scrupulus
2007 3038 2161 3074 unus

695 3096 1150 3160 Margaritarum
1170 3094 1553 3146 resolutarum
1573 3100 1627 3145 et
1647 3093 1906 3145 dulcium
1925 3092 2174 3158 scrupuli
2195 3092 2312 3144 duo

693 3164 985 3218 Tindturae
1007 3165 1382 3218 Corallorum
1400 3162 1760 3216 tantundem.

487 3270 709 3334 Hisque
730 3286 864 3322 cum
883 3270 1172 3334 prioribus
1191 3269 1358 3321 fimul
1377 3271 1571 3321 mixtis
1595 3275 1650 3319 et
1670 3269 1819 3320 bene
1844 3269 2244 3332 incorporatis»,
2269 3265 2580 3330 additaque
2628 3280 2672 3316 ⁴0
2728 3281 2730 3298 1

416 3340 872 3405 fragmentorum
896 3340 1149 3405 sapphiri
1177 3339 1525 3403 resolutione
1552 3339 1614 3403 (fi
1639 3338 1843 3391 haberi
1868 3337 2066 3402 queat)
2091 3339 2154 3389 in
2178 3338 2349 3402 guttis
2372 3335 2581 3457 [3121ch
