2730 4264
399 311 502 362 282
1076 308 1354 359 VARIAE
1379 307 1872 359 SCRIPTURAE

468 460 510 499 p.
530 446 587 489 36
605 459 647 488 v.
671 446 689 488 1
718 445 946 489 idoneas
967 445 1019 486 M
1071 443 1403 497 peculiarem
1426 454 1531 485 om.
1556 443 1608 484 M
1664 456 1705 485 v.
1726 442 1841 485 3-4
1865 442 2120 486 inuouata
2140 445 2198 486 E:
2220 456 2355 488 corr.
2370 446 2408 487 T
2461 460 2503 488 v.
2523 446 2551 489 5

398 503 835 559 elaborationem]
854 500 1236 545 confectionem
1260 501 1312 543 M
1357 513 1398 542 v.
1418 500 1445 542 6
1471 499 1682 557 quibus]
1703 511 1808 554 qua
1829 502 1882 543 M
1926 515 1967 543 v.
1991 501 2038 544 11
2071 503 2193 545 tunc
2214 514 2319 546 om.
2336 504 2389 545 M
2433 517 2474 546 v.
2497 504 2550 547 15

392 561 634 618 praecise]
655 559 841 603 exacte
862 560 914 602 M
959 573 999 601 v.
1023 558 1077 601 18
1101 558 1389 601 admodum
1412 569 1517 601 om.
1540 558 1592 599 M
1638 572 1678 600 v.
1698 557 1756 601 20
1779 557 2127 602 Instrumento
2145 560 2204 604 E:
2225 561 2550 605 correximus

398 631 462 662 ex
483 620 535 661 M
620 633 661 661 v.
681 618 738 661 23
761 617 889 660 satis
909 629 1014 660 om.
1037 617 1090 658 M
1174 629 1215 658 v.
1235 615 1293 658 25
1320 614 1517 658 variari
1542 616 1594 658 M
1679 630 1721 658 v.
1741 616 1798 659 30
1818 615 2001 670 postea
2022 628 2125 661 om.
2149 618 2202 660 M
2286 632 2328 661 v.
2347 618 2404 662 32
2430 623 2550 663 ante

399 677 642 730 vtrinque
662 676 780 719 add.
801 674 963 728 idque
983 675 1036 716 M
1101 674 1207 716 duo
1227 686 1331 717 om.
1355 673 1407 715 M
1469 687 1511 716 v.
1530 673 1587 716 33
1614 673 1860 717 Witticho
1879 676 1936 718 E:
1960 686 2094 718 corr.
2109 676 2146 718 T
2207 689 2248 718 v.
2267 675 2325 719 39
2350 675 2425 719 est
2442 688 2547 721 om.

396 737 456 778 E:
480 734 773 778 addidimus
793 745 857 776 ex
877 733 947 775 M.

465 806 507 845 p.
521 793 578 835 37
597 805 637 834 v.
656 791 709 833 12
728 790 908 843 aliquo
928 789 1102 846 modo]
1121 788 1468 832 mediocriter
1483 790 1536 832 M
1583 803 1624 832 v.
1642 789 1695 832 18
1718 789 1949 848 Organa]
1968 790 2317 835 Instrumenta
2338 792 2390 834 M
2438 793 2551 836 v.22

396 849 724 905 quantitatis]
743 847 1063 902 capacitatis
1083 848 1136 889 M
1186 861 1228 890 v.
1246 846 1304 890 28
1323 858 1444 890 cum
1468 859 1572 891 om.
1595 848 1649 890 M
1705 861 1746 890 v.
1765 848 1823 891 32
1842 859 1914 891 ex
1933 860 2142 893 erasum
2162 853 2240 893 est
2258 850 2309 893 in
2329 850 2382 892 M
2433 864 2473 893 v.
2493 851 2550 894 37

396 906 786 951 declinationes
812 906 864 947 M
949 919 990 948 v.
1010 905 1067 948 38
1091 904 1387 959 Ictupulol'e
1414 907 1470 948 E:
1499 906 1823 949 correximus
1908 921 1950 950 v.
1969 906 2026 950 39
2052 906 2233 965 etiam]
2259 917 2468 962 quoque
2495 909 2549 951 M

394 980 435 1008 v.
455 965 506 1008 41
535 964 727 1021 babeo]
749 963 960 1007 obtineo
982 964 1034 1006 M
1104 977 1146 1006 v.
1165 963 1339 1006 41—42
1365 963 1545 1006 omnia
1562 996 1572 1006 .
1591 996 1601 1007 .
1620 997 1629 1007 .
1646 965 2087 1022 commemorare]
2108 966 2177 1008 de
2197 966 2447 1010 omnibus
2465 967 2550 1009 ln-

393 1022 696 1066 strumentis
713 1021 1100 1065 Altronomicis
1118 1022 1521 1075 eorundemque
1543 1021 1633 1065 ul'u
1653 1032 2077 1066 commemorare
2099 1024 2168 1066 M.

463 1095 503 1134 p.
524 1081 581 1123 38
605 1094 646 1123 v.
666 1080 693 1123 2
719 1078 1041 1123 exadtissime
1069 1080 1121 1122 M
1224 1093 1266 1122 v.
1286 1079 1400 1122 5—-6
1425 1090 1527 1123 nec
1544 1113 1554 1123 .
1572 1111 1583 1122 .
1603 1112 1613 1122 .
1629 1081 1976 1137 aggrauante]
2002 1092 2073 1123 ne
2088 1113 2099 1124 .
2118 1114 2128 1124 .
2146 1113 2156 1124 .
2173 1084 2472 1135 aggravent
2495 1083 2548 1125 M

392 1153 432 1182 v.
453 1140 480 1181 7
505 1139 897 1192 componantur
919 1139 971 1180 M
1039 1151 1080 1180 v.
1103 1138 1151 1180 11
1182 1137 1399 1194 habent]
1426 1137 1667 1181 obtinent
1690 1139 1742 1180 M
1813 1153 1854 1181 v.
1874 1139 1931 1181 20
1951 1139 2283 1192 peculiarem
2312 1139 2529 1183 Librum

386 1196 666 1251 peculiare
687 1206 826 1250 opus
852 1197 904 1238 M
969 1209 1010 1238 v.
1030 1195 1088 1239 20
1113 1195 1221 1253 qui]
1242 1196 1384 1250 quod
1411 1197 1462 1239 M
1529 1210 1571 1238 v.
1591 1195 1648 1238 22
1672 1197 1768 1239 aut
1782 1196 1993 1239 Buxeis
2013 1208 2116 1240 om.
2141 1198 2193 1240 M
2260 1211 2302 1241 v.
2322 1197 2378 1241 28
2405 1140 2550 1300 verg!

391 1257 568 1298 autem
594 1256 645 1297 M
696 1268 736 1297 v.
757 1254 814 1297 29
835 1265 905 1296 ne
926 1253 1160 1311 quidem]
1180 1255 1386 1296 nullum
1409 1254 1571 1297 etiam
1594 1254 1646 1296 M
1697 1267 1738 1297 v.
1758 1254 1815 1297 34
1836 1253 2056 1322 habeat]
2073 1255 2311 1299 obtineat
2328 1257 2381 1299 M
2431 1270 2472 1299 v.

391 1312 660 1369 directam]
680 1310 951 1355 reductam
973 1312 1026 1355 M
1070 1325 1112 1355 v.
1126 1312 1183 1355 39
1202 1311 1716 1369 comprehensibilis]
1737 1311 2086 1355 observabihs
2106 1314 2158 1356 M
2202 1328 2244 1357 v.
2257 1313 2308 1357 41
2334 1314 2549 1372 obnixe]

391 1370 667 1414 humiliter
683 1371 735 1413 M
797 1384 838 1413 v.
857 1370 915 1414 43
941 1374 1059 1425 post
1077 1369 1316 1424 experiri
1333 1371 1451 1413 add.
1475 1370 1608 1413 velit
1625 1371 1695 1422 M,
1717 1382 1821 1414 om.
1843 1382 1970 1414 vero
1990 1383 2038 1425 p.
2060 1371 2118 1414 39
2136 1384 2184 1414 v.
2210 1373 2248 1415 1.

459 1443 502 1483 p.
516 1429 573 1472 39
591 1442 633 1471 ν.
646 1429 674 1471 2
688 1428 1105 1483 prael'upponere
1125 1429 1184 1471 P.
1198 1428 1271 1471 23.
1288 1428 1418 1471 Min.
1434 1428 1548 1486 31ὲ.]
1566 1428 1651 1471 23⁰
1668 1428 1771 1476 31÷0
1786 1429 2203 1483 prael’upponere
2224 1430 2277 1472 M
2326 1443 2368 1473 v.
2381 1430 2411 1474 4
2429 1434 2550 1475 ante

392 1488 520 1531 Sole
547 1488 664 1530 add.
686 1487 741 1529 in
769 1487 822 1529 M
901 1500 942 1529 v.
962 1488 990 1529 6
1015 1487 1245 1544 quoque]
1270 1486 1431 1530 etiam
1462 1487 1515 1529 M
1599 1500 1641 1530 v.
1660 1487 1688 1529 7
1713 1486 1818 1530 esse
1844 1499 1949 1531 om.
1973 1488 2026 1530 M
2105 1501 2147 1531 v.
2166 1488 2194 1531 9
2217 1487 2550 1532 Altitudines

390 1545 715 1588 decliviores
741 1545 793 1587 M
873 1558 915 1588 v.
938 1545 992 1589 10
1011 1547 1180 1599 paulo
1205 1556 1309 1588 om.
1333 1545 1386 1587 M
1471 1558 1513 1587 v.
1536 1545 1584 1587 11
1614 1544 1856 1588 AEtheris
1881 1545 2154 1599 diaphano
2180 1546 2233 1588 M
2315 1560 2356 1590 v.
2379 1546 2550 1591 12—-13

389 1606 505 1647 aut.
525 1637 535 1647 .
554 1636 563 1646 .
580 1603 820 1660 dimidia]
846 1603 1062 1646 circiter
1084 1605 1137 1646 M
1224 1617 1265 1646 v.
1289 1603 1459 1646 16—17
1484 1603 1538 1645 in
1555 1635 1565 1646 .
1585 1636 1595 1647 .
1614 1636 1623 1646 .
1644 1602 1865 1660 Occasu]
1886 1613 2057 1657 prope
2086 1603 2271 1648 Ortum
2298 1606 2355 1648 et
2379 1603 2549 1649 Occa-

387 1662 499 1705 sum
523 1663 575 1704 M
637 1675 679 1704 v.
699 1662 755 1704 36
781 1661 981 1705 curarit
999 1662 1050 1704 M
1112 1675 1154 1704 v.
1173 1661 1342 1705 40—41
1374 1660 1790 1718 Stellarumque]
1810 1664 1867 1704 et
1884 1662 2175 1705 Stellarum
2198 1663 2268 1707 M.

457 1734 500 1774 p.
519 1720 577 1763 40
596 1734 637 1763 ν.
657 1720 685 1763 3
713 1720 893 1774 vtique
919 1731 1023 1764 om.
1047 1721 1100 1762 M
1203 1733 1244 1762 v.
1264 1719 1293 1762 4
1319 1723 1438 1763 ante
1464 1718 1651 1763 exacte
1679 1721 1797 1763 add.
1817 1719 1947 1763 latis
1973 1721 2026 1763 M
2125 1734 2166 1763 v.
2189 1720 2244 1764 10
2267 1721 2548 1779 reuolutio]

388 1780 567 1821 motus
593 1779 645 1820 M
714 1792 755 1821 v.
778 1779 825 1821 11
859 1777 1015 1835 Quid]
1044 1777 1178 1836 Quae
1204 1779 1257 1821 M
1325 1791 1366 1821 v.
1390 1778 1444 1820 14
1463 1777 1869 1831 praeltiterimus
1895 1779 1948 1820 M
2012 1792 2054 1821 v.
2077 1779 2131 1821 16
2158 1777 2550 1823 ObIreuationi-

388 1837 490 1880 bus
516 1838 572 1879 E:
595 1848 729 1880 corr.
745 1838 783 1879 T
860 1837 943 1894 ac]
970 1836 1018 1880 81
1044 1837 1097 1879 M
1177 1836 1213 1879 d
1229 1835 1498 1891 judicabit
1520 1838 1576 1879 E:
1600 1837 1787 1880 corr.T
1859 1850 1900 1879 v.
1924 1837 1977 1879 17
2001 1836 2219 1895 iudicio]
2243 1836 2466 1881 censura
2493 1838 2546 1881 M

388 1909 428 1937 v.
459 1895 627 1938 18-19
662 1894 920 1938 eximium
954 1906 1118 1949 agere
1145 1893 1425 1937 Artificem
1458 1896 1515 1937 et
1541 1893 1705 1938 solide
1738 1895 1806 1937 de
1838 1894 1927 1937 his
1957 1895 2121 1937 rebus
2151 1895 2391 1939 iudicare
2421 1895 2545 1952 (om.

382 1953 547 2010 poBe)
574 1954 626 1995 M
711 1967 752 1995 v.
773 1953 829 1996 22
854 1955 1124 1996 calamum
1151 1952 1421 2009 inhibebo]
1447 1953 1660 1995 calamo
1684 1951 1836 1995 frena
1861 1951 2098 2007 inijciam
2128 1954 2182 1996 M
2272 1954 2547 2008 Tuamque

392 2011 785 2068 Celfitudinem]
809 2013 965 2065 teque
987 2013 1040 2054 M
1109 2025 1152 2054 v.
1172 2011 1228 2054 23
1248 2015 1368 2054 ante
1388 2011 1779 2054 commendabo
1800 2011 1918 2054 add.
1941 2011 2271 2055 devotissimo
2290 2011 2472 2055 animo
2493 2012 2547 2055 M

387 2083 428 2112 v.
442 2070 500 2113 24
526 2071 691 2112 Tuam
718 2069 867 2127 Celll]
891 2071 940 2112 te
962 2070 1014 2112 M
1065 2083 1106 2112 v.
1120 2069 1178 2112 25
1198 2073 1318 2112 ante
1338 2068 1457 2123 agis
1478 2070 1597 2113 add.
1618 2068 1821 2112 sincere
1842 2069 1895 2111 M
1950 2083 1992 2112 v.
2006 2068 2063 2113 26
2083 2070 2527 2124 propagationem

386 2127 782 2171 illustrationem
808 2129 860 2171 M
922 2142 963 2171 v.
983 2128 1041 2171 30
1067 2131 1186 2171 ante
1205 2126 1582 2181 Pyronomicis
1602 2128 1720 2170 add.
1742 2127 1796 2169 in
1818 2128 1871 2170 M
1933 2141 1975 2170 v.
1995 2127 2046 2171 31
2075 2127 2168 2170 Ied
2181 2129 2366 2181 potius
2385 2128 2530 2172 hunc

386 2185 478 2229 [ed
497 2197 603 2240 per
617 2186 761 2229 nunc
783 2186 967 2240 potius
994 2187 1046 2229 M
1108 2200 1150 2229 v.
1169 2185 1226 2229 32
1246 2187 1405 2239 plura
1431 2185 1613 2243 etiam]
1642 2187 1748 2228 tum
1771 2186 1839 2228 de
1858 2185 2226 2229 Inltrumentis
2251 2185 2406 2239 meis,
2436 2187 2544 2230 tum

387 2245 455 2287 de
477 2244 618 2299 alijs,
638 2244 679 2287 li
697 2255 818 2298 quae
831 2246 1100 2298 ptaeterea
1118 2243 1173 2288 C.
1189 2244 1243 2287 T.
1264 2243 1398 2287 scire
1420 2245 1579 2296 volet,
1599 2242 1803 2298 lingula
1818 2244 2041 2297 plenius
2062 2244 2115 2286 M
2165 2258 2206 2287 v.
2226 2244 2400 2288 32-33
2417 2243 2559 2288 libet

386 2303 880 2360 compraehendeoe]
901 2302 1361 2357 comprehendere
1379 2302 1511 2345 licet
1528 2302 1581 2344 M
1643 2315 1684 2344 v.
1699 2302 1756 2345 33
1777 2301 1868 2344 vbi
1886 2311 2024 2355 opus
2042 2300 2205 2346 fuerit
2221 2314 2326 2346 om.
2345 2303 2398 2346 M
2464 2313 2547 2346 re-

385 2360 525 2404 ferre
540 2361 724 2418 pol3et]
745 2372 1019 2415 exponere
1040 2363 1204 2415 queat
1222 2362 1273 2403 M
1327 2375 1368 2404 v.
1388 2359 1562 2404 33—34
1586 2359 1858 2414 negotium
1877 2391 1887 2402 .
1906 2393 1917 2403 .
1935 2392 1946 2403 .
1962 2360 2241 2418 expedire]
2260 2361 2544 2415 negocium

384 2419 489 2463 hoc
514 2419 926 2463 adferendarum
955 2420 1026 2462 ad
1050 2420 1104 2462 T.
1130 2418 1184 2463 C.
1207 2419 1479 2462 literarum
1507 2417 1767 2472 expedire
1795 2419 1848 2461 M
1911 2432 1953 2461 v.
1973 2418 2031 2462 34
2055 2418 2468 2462 conuenientius
2493 2420 2551 2463 et

385 2478 586 2521 certius
608 2479 676 2522 M.

455 2550 497 2590 p.
516 2536 568 2579 41
598 2550 639 2580 v.
659 2536 776 2579 2—4
801 2536 916 2579 ET.
934 2568 944 2578 .
963 2568 973 2578 .
994 2534 1549 2581 COMMVNICATAE
1572 2546 1676 2578 om.
1700 2535 1753 2577 M
1781 2534 1952 2578 Haun.
1979 2534 2105 2587 1826,
2135 2537 2228 2579 sed
2255 2536 2448 2589 quales
2475 2535 2547 2579 ad

385 2595 805 2649 Landtgrauium
834 2594 1030 2638 Hassiae
1059 2593 1427 2638 Guilhelmum
1458 2593 1622 2637 missae
1650 2592 1770 2636 [unt
1790 2604 1823 2637 a
1849 2604 1938 2635 me
1964 2594 2081 2636 add.
2105 2594 2158 2636 in
2182 2606 2346 2649 marg.
2372 2594 2543 2637 Haun.

388 2653 499 2696 1826
546 2667 588 2696 v.
602 2654 629 2696 7
648 2652 850 2696 Mensis
869 2652 1116 2696 eiusdem
1141 2653 1193 2695 M
1244 2666 1284 2695 v.
1304 2652 1356 2695 13
1376 2657 1431 2704 ρῇ
1452 2663 1555 2695 om.
1573 2652 1643 2703 M,
1665 2655 1716 2695 et
1733 2655 1853 2706 post
1870 2662 2004 2706 gyro
2022 2652 2224 2706 praebet
2244 2653 2414 2696 Haun.
2435 2652 2546 2696 1826

384 2724 424 2754 v.
444 2711 501 2754 22
521 2713 732 2765 partem
754 2711 932 2765 magis
952 2721 1111 2765 quam
1134 2710 1296 2754 aliam
1321 2712 1373 2753 M
1396 2711 1567 2753 Haun.
1593 2709 1704 2753 1826
1763 2723 1805 2752 v.
1825 2709 1883 2752 24
1909 2709 2097 2753 tenelli
2114 2722 2218 2754 om.
2242 2711 2311 2753 M.

453 2784 496 2823 p.
515 2770 572 2812 42
591 2784 632 2813 v.
657 2771 675 2813 1
704 2769 930 2827 Diebus]
949 2769 1021 2812 iis
1040 2769 1234 2812 diebus
1256 2770 1329 2812 M:
1352 2768 1406 2811 in
1425 2767 1498 2823 ijs
1517 2768 1711 2811 diebus
1730 2768 1900 2811 Haun.
1921 2768 2032 2811 1826
2085 2781 2127 2811 v.
2146 2767 2175 2811 4
2200 2769 2444 2822 quartum
2467 2769 2542 2813 M:

383 2827 412 2870 4
432 2829 602 2872 Haun.
630 2828 740 2872 1826
805 2842 847 2871 v.
866 2829 895 2871 5
920 2827 1258 2885 offerebatur]
1278 2826 1368 2870 hic
1389 2827 1714 2870 offerebatur
1729 2827 1782 2869 M
1805 2826 1976 2870 Haun.
2003 2826 2113 2869 1826
2179 2840 2220 2870 v.
2240 2826 2268 2870 6
2291 2826 2446 2884 inter]
2464 2826 2545 2869 in-

386 2887 591 2929 terdum
615 2888 684 2938 M,
707 2887 794 2941 qui
806 2890 990 2941 postea
1004 2887 1122 2930 add.
1139 2886 1282 2929 inter
1324 2899 1366 2928 v.
1380 2885 1495 2928 7—-8
1519 2884 1718 2929 crinita
1734 2884 1905 2928 Stella
1922 2916 1933 2927 .
1951 2917 1962 2928 .
1980 2916 1991 2927 .
2008 2884 2296 2942 apparens]
2315 2883 2546 2928 Pseudo-

383 2944 530 2987 stella
552 2956 673 2999 quae
689 2977 699 2987 .
717 2977 727 2987 .
747 2977 758 2988 .
775 2944 1073 2998 apparebat
1091 2945 1143 2987 M
1166 2945 1337 2988 Haun.
1364 2944 1475 2986 1826
1529 2957 1570 2986 v.
1590 2943 1705 2986 8—9
1733 2941 2103 2987 obseruationi
2115 2942 2367 3000 patuerit]
2385 2941 2548 2986 fuerit

382 3003 731 3049 observabilis
753 3005 805 3046 M
829 3004 999 3046 Haun.
1025 3003 1136 3046 1826
1193 3016 1235 3045 v.
1254 3002 1399 3045 9—16
1426 3003 1564 3045 Vtut.
1583 3035 1593 3046 .
1613 3035 1622 3045 .
1634 3012 1835 3055 ponam
1857 3012 1962 3045 om.
1986 3002 2039 3043 M
2062 3001 2232 3045 Haun.
2259 3001 2370 3045 1826
2425 3015 2467 3044 v.
2490 3000 2544 3044 18
2591 3015 2593 3017 ·

383 3060 507 3104 HIC
525 3073 629 3105 om.
653 3062 706 3104 M
729 3062 900 3104 Haun.
926 3061 1037 3104 1826
1090 3074 1132 3104 v.
1152 3061 1208 3104 22
1232 3060 1296 3117 Β]
1317 3061 1439 3103 Bor.
1463 3061 1633 3103 Haun.
1660 3060 1790 3103 1826:
1815 3059 1964 3113 Sept.
1987 3059 2039 3102 M
2098 3059 2192 3116 M.]
2211 3059 2346 3102 Mer.
2369 3059 2540 3103 Haun.

387 3119 497 3162 1826
557 3133 598 3162 v.
618 3120 792 3163 23-30
815 3120 868 3162 in
890 3120 1085 3163 tabella
1104 3130 1353 3162 numeros
1373 3119 1665 3169 nonnullos,
1693 3118 1780 3172 qui
1798 3118 1850 3160 in
1869 3119 1906 3160 E
1925 3129 2077 3172 paene
2097 3121 2433 3169 evanuerant,
2460 3118 2544 3160 de·

384 3178 555 3221 dimus
575 3189 640 3221 ex
660 3179 712 3220 M
735 3182 786 3221 et
805 3178 976 3221 Haun.
1003 3178 1114 3221 1826
1174 3191 1213 3220 v.
1235 3177 1292 3220 30
1319 3176 1394 3233 S.]
1416 3176 1563 3230 Sept.
1588 3177 1640 3218 M
1669 3177 1839 3219 Haun.
1866 3175 1976 3219 1826
2036 3189 2077 3218 v.
2097 3175 2154 3219 33
2180 3176 2235 3232 *ὅ
2274 3175 2330 3220 S.
2351 3177 2409 3219 E:
2431 3186 2543 3219 cor-

382 3236 613 3279 reximus
633 3248 698 3279 ex
718 3237 771 3279 M
792 3240 843 3279 et
863 3236 1034 3279 Haun.
1060 3236 1171 3279 1826
1233 3235 1288 3279 S.
1310 3235 1629 3291 scripsimus]
1651 3235 1706 3291 {5
1725 3235 1783 3277 E:
1806 3246 1910 3278 om.
1934 3234 1987 3276 M
2009 3234 2180 3277 Haun.
2206 3235 2224 3276 1
2259 3234 2331 3277 26.

452 3306 495 3346 p.
514 3293 572 3336 43
590 3307 631 3337 v.
650 3294 679 3336 2
705 3294 760 3350 {5
785 3297 837 3338 et
862 3293 918 3338 S.
938 3294 1257 3348 transposuit
1282 3295 1339 3337 E:
1362 3293 1688 3337 correximus
1760 3306 1801 3335 v.
1824 3292 1872 3335 11
1902 3295 2022 3347 post
2045 3291 2164 3336 Has
2189 3292 2308 3336 add.
2333 3301 2461 3335 vero
2487 3292 2540 3335 M
