2730 4264
684 341 1378 396 ANNOTATIONES
1405 339 1876 394 EDITORUM
2294 340 2387 393 321

176 483 392 539 cipuam
422 483 549 527 artis
577 483 740 527 finem
765 483 819 526 in
845 482 1251 526 medicamentis
1280 482 1666 538 componendis
1695 481 1872 538 posuit
1898 481 1985 538 (cf.
2006 484 2137 525 tom.
2161 481 2182 523 I
2209 493 2258 536 p.
2281 481 2385 538 XI).

170 555 200 608 J
203 567 294 598 am
308 566 434 599 cum
450 554 657 599 Hvenae
677 554 1009 598 domicilium
1028 553 1267 606 haberet,
1289 554 1544 598 insulanis
1563 554 1960 598 medicamenta
1979 553 2317 597 ministrabat
2337 557 2389 597 et

174 627 311 670 inter
323 626 555 670 famulos
569 626 1054 681 pharmacopolam
1067 624 1304 669 habebat
1316 624 1438 681 (vid.
1455 637 1616 681 supra
1631 637 1681 681 p.
1697 625 1796 677 141,
1813 626 1912 669 col.
1923 625 2006 677 2‚2⁵
2021 625 2177 681 cett).
2200 626 2387 669 Postea

175 709 304 742 vero
323 697 485 753 pestis
499 697 553 740 in
566 696 854 740 Germania
874 696 1272 751 septentrionali
1286 698 1403 741 etin
1417 697 1674 741 Bohemia
1693 698 1800 741 late
1818 708 2021 752 vagans
2042 697 2388 741 occasionem

175 769 223 813 ei
241 768 385 813 dedit
405 769 800 812 medicamenta
820 768 1180 822 componendi
1203 771 1362 823 atque
1389 769 1577 813 amicis
1604 768 2035 813 commendandi.
2065 768 2200 820 Quae
2227 769 2388 812 medi-

174 843 425 884 camenta
446 839 680 883 Henrico
704 839 971 884 Ranzovio
993 839 1149 891 misit,
1175 840 1367 884 eodem
1388 841 1472 884 die
1492 841 1619 884 data
1639 844 1776 893 sunt,
1805 852 1911 896 quo
1938 840 2163 895 epistula
2181 841 2235 884 in
2253 844 2383 885 tom.

174 911 294 955 XIV
318 923 367 966 p.
400 911 484 954 124
508 913 741 966 reperta;
774 923 895 965 quae
922 922 1052 955 vero
1078 911 1389 966 imperatori
1418 912 1582 956 missa
1607 915 1744 964 sunt,
1776 912 1920 956 circa
1945 912 1999 955 id
2023 915 2251 968 tempus,
2280 925 2385 968 quo

173 982 466 1037 imperator
490 982 767 1034 Pilsenam‚
794 982 978 1036 Tycho
1006 982 1059 1025 in
1086 994 1269 1027 arcem
1297 983 1581 1027 Girsitzam
1611 987 1829 1039 propter
1857 987 2062 1039 pestem
2088 984 2386 1040 demigrare

175 1057 395 1098 coactus
424 1057 517 1098 est.
552 1053 662 1097 Nec
692 1064 822 1097 vero
852 1053 940 1097 hae
969 1055 1101 1097 solae
1131 1054 1548 1109 compositiones
1576 1055 2096 1100 medicamentorum
2118 1056 2386 1111 Tychonis

173 1125 328 1170 nobis
356 1128 501 1169 notae
530 1128 672 1169 sunt:
705 1125 933 1180 Georgio
960 1137 1173 1180 quoque
1200 1126 1540 1182 Rollenhagio
1570 1130 1758 1182 postea
1786 1128 2242 1171 medicamentum
2270 1139 2302 1171 a
2328 1139 2386 1171 se

174 1196 534 1252 compositum
555 1197 958 1241 commendavit
976 1197 1123 1254 (tom.
1140 1197 1260 1241 VIII
1281 1210 1331 1253 p.
1353 1198 1474 1256 372).
1505 1198 1616 1242 Nec
1638 1199 1930 1242 tacendum
1956 1202 2051 1252 est,
2078 1199 2289 1243 saeculis
2314 1199 2386 1242 in-

173 1268 513 1323 sequentibus
541 1280 710 1323 usque
738 1268 791 1311 in
820 1271 1061 1312 nostram
1091 1272 1308 1313 aetatem
1338 1269 1482 1325 apud
1509 1269 1963 1325 pharmacopolas
1990 1271 2386 1315 medicamenta

172 1342 431 1397 prostare,
461 1352 582 1395 quae
601 1339 869 1395 Tychonis
890 1340 1080 1384 Brahei
1105 1352 1305 1385 nomen
1329 1341 1524 1394 ferant;
1554 1354 1676 1397 quae
1702 1354 1831 1385 num
1857 1354 1916 1386 re
1935 1354 2065 1386 vera
2090 1342 2158 1385 ab
2178 1342 2266 1386 illo
2288 1342 2386 1385 ori-

172 1411 346 1466 ginem
374 1411 606 1464 trahant,
637 1412 795 1456 valde
824 1412 1046 1456 dubium
1078 1416 1158 1456 est
1188 1412 1274 1469 (cf.
1304 1413 1352 1457 P.
1383 1412 1637 1469 Hauberg
1663 1413 1716 1456 in
1745 1412 1946 1457 Dansk
1979 1411 2280 1457 Tidsskrift
2303 1412 2391 1457 for

173 1481 428 1526 Farmaci
452 1483 474 1525 I
494 1495 544 1538 p.
565 1482 654 1526 205
674 1495 789 1538 sqq.
812 1482 998 1541 [1926]).

957 1669 1091 1729 AD
1129 1669 1595 1730 CARMINA.

243 1768 576 1812 Carminibus
597 1769 797 1813 Latinis
821 1770 1113 1814 scribendis
1133 1770 1249 1826 Jam
1270 1782 1302 1813 a
1316 1770 1535 1826 Juvenili
1561 1775 1722 1815 aetate
1740 1771 1924 1826 Tycho
1952 1772 2232 1827 gaudebat,
2261 1784 2382 1827 quae

171 1850 278 1883 non
299 1840 475 1884 solum
495 1852 660 1884 manu
679 1841 877 1896 scripta
897 1842 982 1884 vel
1000 1841 1140 1896 typis
1161 1841 1428 1896 descripta
1446 1843 1633 1886 amicis
1650 1843 1909 1895 mittebat,
1932 1844 2025 1887 sed
2041 1844 2202 1887 etiam
2217 1844 2384 1899 operi-

172 1911 270 1954 bus
295 1911 403 1954 suis
430 1912 803 1956 astronomicis
831 1913 1065 1956 inserere
1092 1913 1473 1957 delectabatur.
1507 1913 1617 1958 Nos
1645 1914 1732 1959 hic
1758 1927 1823 1958 ea
1850 1916 2228 1971 congessimus,
2261 1928 2382 1970 quae

170 1994 279 2027 non
303 1986 514 2038 partem
540 1982 741 2026 faciant
766 1984 941 2039 operis
968 1984 1191 2040 aliquus
1219 1985 1566 2028 astronomici
1591 1987 1676 2029 vel
1702 1987 1942 2042 epistulae
1966 1987 2254 2041 Tychonis;
2283 1999 2381 2031 nec

169 2056 353 2097 tamen
382 2054 450 2098 ab
478 2065 537 2098 re
567 2054 801 2098 alienum
831 2056 929 2099 erit
958 2055 1200 2099 carmina
1228 2056 1283 2099 in
1311 2056 1500 2118 ceteris
1530 2068 1742 2112 quoque
1770 2058 1930 2102 tomis
1959 2058 2114 2114 hujus
2140 2058 2382 2102 editionis

171 2125 411 2180 dispersa
430 2137 538 2170 uno
558 2126 612 2169 in
632 2130 924 2181 conspectu
944 2138 1159 2183 ponere.

237 2196 266 2249 J
269 2209 359 2240 am
379 2197 432 2240 in
451 2197 586 2241 libro
606 2196 692 2240 De
712 2207 855 2241 nova
877 2199 1042 2243 stella
1064 2199 1306 2243 carmina
1326 2199 1674 2254 reperiuntur,
1696 2201 1930 2256 primum
1945 2202 1998 2245 in
2012 2202 2234 2256 epistula
2250 2213 2383 2256 prae-

170 2268 349 2321 missa,
372 2280 535 2323 quam
555 2269 700 2313 dedit
714 2269 743 2321 J
746 2270 946 2314 ohanni
964 2271 1199 2315 Pratensi
1217 2272 1365 2327 (tom.
1388 2271 1410 2314 I
1430 2283 1516 2326 pp.
1545 2271 1598 2315 14
1617 2275 1670 2315 et
1693 2272 1779 2331 15),
1807 2274 1966 2328 pauci
1986 2273 2175 2317 deinde
2195 2285 2382 2317 versus

170 2352 219 2394 p.
247 2339 301 2382 19
320 2343 371 2383 et
390 2352 440 2394 p.
462 2339 520 2382 44
540 2343 591 2383 et
612 2341 681 2384 ad
700 2341 863 2385 finem
888 2342 973 2385 »In
996 2342 1255 2386 Uraniam
1277 2343 1468 2398 elegia«
1491 2343 1559 2399 (p.
1582 2343 1640 2387 65
1660 2345 1809 2401 sqq.).
1836 2345 1938 2396 Qui
1956 2345 2009 2388 in
2032 2343 2290 2389 Oratione
2311 2345 2380 2387 de

170 2410 484 2466 disciplinis
502 2411 914 2456 mathematicis
934 2425 1120 2457 versus
1140 2414 1488 2469 reperiuntur,
1516 2418 1665 2458 certo
1692 2415 1954 2459 affirmari
1980 2428 2089 2460 non
2114 2419 2288 2471 potest
2311 2417 2379 2460 ab

169 2482 284 2537 ipso
304 2482 558 2537 Tychone
578 2494 694 2527 esse
714 2484 990 2530 confectos
1013 2486 1160 2542 (tom.
1184 2485 1206 2527 I
1227 2497 1312 2540 pp.
1339 2484 1605 2544 149—151),
1634 2498 1732 2530 nec
1759 2488 1928 2543 magis
1954 2490 2165 2531 constat
2190 2488 2256 2530 de
2281 2487 2380 2530 illis

170 2553 394 2607 duobuS,
429 2555 518 2608 qui
550 2556 619 2598 ad
650 2555 814 2600 finem
846 2557 1180 2612 reperiuntur
1211 2557 1523 2612 Horoscopi
1547 2556 1819 2612 principis
1852 2557 2152 2602 Christiani
2181 2559 2327 2615 (tom.
2357 2559 2378 2601 I

170 2636 219 2680 p.
240 2625 361 2682 208).
389 2626 471 2669 Ad
495 2626 661 2670 finem
686 2628 876 2682 primae
902 2628 1068 2683 partis
1086 2627 1460 2673 Astronomiae
1479 2628 1801 2673 instauratae
1820 2629 2376 2685 Progymnasmatum

169 2696 428 2751 reperitur
450 2698 860 2743 »Paraeneticum
883 2700 952 2743 ad
973 2701 1319 2744 astronomiae
1341 2701 1595 2744 cultores«
1618 2702 1766 2757 (tom.
1784 2701 1830 2743 II
1850 2713 1899 2756 p.
1915 2701 2003 2744 302
2017 2702 2129 2758 sq.).
2152 2702 2232 2745 De
2253 2702 2378 2745 duo-

170 2768 269 2811 bus
282 2768 524 2813 versibus
536 2769 909 2814 Astronomiae
926 2770 1246 2815 instauratae
1259 2771 1610 2814 Mechanicis
1625 2772 1831 2816 insertis
1845 2776 1974 2816 tom.
1984 2772 2031 2815 V
2044 2785 2094 2827 p.
2110 2772 2293 2824 63,13-14
2307 2772 2374 2815 cf.

168 2842 298 2882 tom.
309 2839 379 2882 IX
391 2851 442 2895 p.
457 2840 680 2893 184,1⁵-1⁶.
698 2843 757 2885 In
771 2842 964 2886 eodem
979 2842 1113 2886 libro
1128 2843 1462 2897 reperiuntur
1475 2854 1661 2887 versus
1676 2844 1741 2886 de
1757 2843 1974 2887 Uraniae
1989 2843 2152 2887 domo
2168 2844 2377 2886 deserta

168 2910 367 2968 (tom.V
380 2923 430 2966 p.
451 2911 566 2969 141).
591 2914 854 2966 Carmina,
872 2914 1062 2968 quibus
1077 2917 1326 2958 ornatum
1342 2917 1458 2958 erat
1473 2915 1883 2970 Uraniburgum,
1898 2914 2232 2969 reperiuntur
2243 2917 2373 2958 tom.

169 2981 239 3024 VI
259 2994 345 3037 pp.
361 2982 612 3028 266—276.
634 2984 887 3029 284-285.
908 2985 1160 3029 368—369.
1184 2984 1452 3040 Epistolis
1471 2984 1859 3029 astronomicis
1877 2985 2096 3029 inseruit
2114 2989 2375 3040 praeterea

169 3054 410 3097 carmina
430 3055 500 3098 ad
521 3055 829 3100 Mauritium
849 3057 1219 3112 landgravium
1240 3061 1292 3100 et
1306 3057 1551 3100 Guilelmi
1570 3057 1863 3112 landgravii
1880 3057 2127 3100 manibus
2146 3056 2375 3113 (tom.VI

168 3136 254 3179 pp.
270 3125 358 3168 310
372 3129 423 3169 et
436 3125 557 3184 340).
580 3128 722 3172 Inter
741 3132 947 3172 ceteras
967 3129 1219 3184 epistulas
1236 3140 1457 3173 carmen
1475 3132 1554 3172 est
1569 3128 2130 3182 hendecasyllabicum
2145 3131 2259 3170 tota
2273 3128 2376 3182 epi-

169 3197 307 3240 stula
327 3197 376 3240 d.
403 3197 455 3241 17
477 3211 548 3241 m.
572 3199 699 3254 Maji
720 3212 766 3242 a.
794 3201 906 3243 1572
922 3200 950 3252 J
954 3200 1154 3244 ohanni
1172 3200 1405 3244 Pratensi
1426 3200 1553 3244 data
1571 3199 1720 3256 (tom.
1738 3199 1832 3242 VII
1852 3211 1901 3254 p.
1923 3198 1952 3242 9
1971 3199 2084 3255 sq.),
2106 3201 2158 3242 et
2177 3198 2374 3242 inserta

168 3270 290 3311 sunt
302 3268 489 3313 iisdem
503 3271 890 3326 epigrammata
904 3273 973 3315 ad
989 3272 1274 3327 Georgium
1289 3271 1675 3315 Buchananum
1694 3271 1840 3327 (tom.
1851 3269 1946 3313 VII
1960 3282 2009 3324 p.
2026 3269 2102 3326 22)
2116 3273 2167 3312 et
2182 3270 2250 3312 ad
2265 3269 2375 3312 Rai-

168 3350 384 3382 marum
399 3340 598 3385 Ursum
616 3342 870 3399 (tom.VII
891 3355 940 3398 p.
956 3343 1079 3400 325),
1099 3355 1286 3386 versus
1306 3342 1464 3398 pauci
1482 3343 1535 3385 in
1555 3342 1787 3397 epistulis
1808 3342 1877 3384 ad
1897 3341 2166 3396 Oligerum
2187 3341 2375 3384 Rosen-

170 3410 467 3455 crantzium
486 3411 766 3469 (tom.VIII
786 3426 835 3469 p.
858 3414 928 3471 10)
954 3417 1005 3458 et
1032 3414 1100 3457 ad
1116 3413 1143 3465 J
1148 3414 1381 3457 acobum
1402 3413 1723 3468 Bordingum
1748 3411 2027 3470 (tom.VIII
2048 3424 2097 3467 p.
2119 3411 2196 3468 36)
2218 3411 2371 3464 datis,

311 3485 352 3519 41
