2730 4264
709 337 1404 392 ANNOTATIONES
1431 337 1902 391 EDITORUM
2307 337 2411 390 327

275 481 345 524 ad
364 492 414 535 p.
436 479 595 537 202‚2³]
614 480 757 535 Tago
781 483 897 524 erat
921 479 1060 522 filius
1080 478 1310 534 Sophiae,
1339 489 1500 534 quem
1526 478 1576 521 d.
1598 478 1655 521 27
1677 489 1748 521 m.
1773 476 1902 533 Maji
1921 488 1968 520 a.
1996 476 2110 520 1580
2135 480 2415 532 pepererat

204 552 398 595 marito
419 551 600 595 Ottoni
619 551 792 596 Thott.

275 623 343 666 ad
363 635 413 678 p.
434 622 581 680 204,2]
615 623 849 675 Amicus,
877 621 967 677 qui
990 624 1234 666 mortuus
1254 633 1371 666 esse
1391 621 1573 674 fertur,
1601 621 1810 665 videtur
1835 631 1952 664 esse
1973 620 2130 664 Falco
2152 620 2320 676 Goye,
2349 621 2415 664 de

204 706 311 750 quo
330 695 434 738 vid.
457 706 621 749 supra
639 706 689 749 p.
710 694 814 738 322.

276 766 346 809 ad
364 777 415 821 p.
436 765 540 817 204,
550 764 583 822 ⁹]
616 765 696 809 De
717 765 947 820 Euryalo
968 768 1021 808 et
1041 764 1169 808 Niso
1189 764 1294 808 vid.
1309 764 1521 820 Vergilii
1541 764 1664 807 AEn.
1688 764 1758 807 IX
1781 764 1865 807 176
1884 776 1998 819 sqq.

276 836 624 881 MARTINUS
654 836 1042 888 BRASCHIUS,
1073 835 1346 891 professor
1374 839 1426 879 et
1453 838 1613 891 poeta
1635 836 2026 880 Rostochiensis
2045 835 2113 893 (p.
2135 835 2258 893 208),
2289 846 2416 879 cum

205 921 252 952 a.
291 907 403 951 1597
435 908 779 952 Rostochium
810 908 994 963 Tycho
1027 907 1260 951 venisset
1290 906 1464 962 patria
1495 907 1695 960 relicta,
1734 918 1956 951 carmen
1987 908 2275 962 scripserat
2308 908 2416 951 »Ad

202 979 514 1035 Tychonem
534 979 706 1023 Brahe
725 978 779 1022 in
799 979 1147 1023 Germaniam
1165 981 1578 1031 transeuntem«,
1602 979 1745 1034 quod
1765 979 1901 1022 inter
1919 979 2137 1023 chartas
2149 979 2416 1034 Tychonis

204 1051 482 1106 reperitur3
505 1054 627 1106 post
645 1051 751 1095 hoc
772 1050 1034 1105 reperitur
1053 1050 1400 1106 epigramma,
1423 1050 1568 1105 quod
1588 1050 1876 1094 attulimus.

275 1122 370 1165 AD
398 1122 673 1165 DANIAM
700 1121 1004 1166 ELEGIAM
1034 1121 1103 1179 (p.
1124 1121 1213 1166 208
1238 1122 1374 1179 sqq.)
1400 1133 1731 1176 quamquam
1757 1122 1894 1166 inter
1919 1122 2322 1166 observationes
2346 1122 2418 1166 in·

205 1193 367 1238 seruit
378 1193 579 1249 Tycho,
602 1197 655 1237 et
673 1205 771 1238 nos
790 1193 927 1237 inter
944 1193 1044 1238 has
1063 1193 1328 1238 edidimus
1346 1193 1494 1251 (tom.
1511 1193 1631 1236 XIII
1645 1205 1694 1248 p.
1713 1193 1797 1237 102
1811 1194 1961 1251 sqq.)‚
1981 1197 2165 1237 tamen
2184 1194 2271 1237 hic
2293 1205 2419 1249 quo-

206 1276 308 1320 que
333 1276 442 1309 non
468 1265 653 1309 deesse
678 1265 963 1309 voluImus.
996 1265 1128 1308 Cum
1155 1276 1286 1309 vero
1312 1264 1402 1308 illo
1427 1265 1549 1309 loco
1575 1266 1739 1309 talem
1765 1265 2170 1320 praebuerimus,
2202 1267 2417 1320 qualem

205 1336 545 1381 scribendam
575 1339 860 1381 curaverat
886 1336 1087 1392 Tycho‚
1118 1336 1205 1380 hic
1236 1337 1597 1380 correctiones
1626 1348 1829 1391 paucas
1857 1336 2143 1388 intulimus,
2176 1349 2298 1391 quae
2322 1337 2418 1392 Ty-

206 1408 367 1452 choni
397 1408 639 1451 carmina
671 1419 770 1452 sua
801 1408 1064 1464 colligenti
1097 1407 1266 1464 magis
1297 1408 1626 1463 placuerant,
1660 1411 1718 1452 ut
1746 1419 1775 1452 e
1804 1408 2202 1453 Vindobonensi
2231 1408 2418 1453 codice

205 1482 351 1535 patet
369 1479 456 1537 (cf.
477 1478 658 1524 Variae
677 1478 999 1535 scripturae).

278 1550 413 1604 Quae
433 1553 555 1606 post
573 1550 797 1606 elegiam
811 1554 996 1595 narrat
1007 1551 1209 1607 Tycho‚
1230 1562 1412 1606 regem
1426 1550 1783 1595 Christianum
1798 1562 1928 1595 casu
1943 1552 2181 1606 quodam
2196 1552 2418 1607 elegiam

205 1622 406 1678 legisse,
432 1622 622 1666 iisdem
648 1622 759 1666 fere
779 1622 956 1666 verbis
981 1622 1146 1678 ipsius
1164 1622 1433 1677 Tychonis
1460 1634 1626 1666 manu
1645 1623 1699 1666 in
1719 1624 1966 1678 exemplo
1988 1624 2168 1679 elegiae
2184 1623 2212 1675 J
2216 1624 2418 1678 osepho

207 1693 473 1750 Scaligero
493 1694 658 1738 misso
679 1693 878 1749 scripta
898 1696 1051 1738 erant
1068 1693 1322 1752 (Danske
1342 1693 1605 1748 Magazin
1627 1694 1673 1737 11
1695 1693 1943 1752 [Hauniae
1967 1694 2098 1752 1746]
2124 1706 2173 1751 p.
2196 1694 2284 1738 340
2304 1695 2417 1751 sq.)‚

208 1769 368 1821 atque
382 1766 574 1809 eadem
588 1765 765 1809 retulit
778 1765 940 1809 etiam
957 1765 1244 1810 Herwarto
1260 1765 1329 1809 ab
1346 1765 1676 1821 Hohenburg
1688 1765 1757 1822 (F.
1773 1766 1825 1810 R.
1843 1766 1984 1819 Friis,
2001 1765 2420 1810 Kulturhistori-

192 1825 315 1880 '‘ske
336 1836 564 1882 Studier
580 1836 828 1894 [Hauniae
853 1836 982 1895 1909]
1002 1849 1053 1892 p.
1074 1836 1133 1881 96
1152 1836 1266 1895 sq.).

278 1909 680 1953 EPIGRAMMA
707 1908 1180 1952 ASTRONOMIAE
1210 1908 1660 1952 INSTAURATAE
1690 1909 2105 1953 MECHANICIS
2132 1910 2421 1953 PRAEMIS-

208 1980 351 2025 SUM
372 1980 440 2038 (p.
461 1980 546 2023 211
570 1980 669 2038 sq.)
687 1980 741 2024 in
761 1980 963 2035 aliquot
985 1980 1243 2036 exemplis
1268 1980 1424 2037 hujus
1450 1980 1568 2024 libri
1593 1992 1758 2024 manu
1783 1981 2042 2035 scriptum
2068 1982 2341 2036 reperitur,
2370 1985 2422 2025 et

207 2052 281 2096 ita
308 2051 523 2107 quidem
548 2051 833 2106 variatum,
863 2055 923 2096 ut
949 2051 1153 2107 primus
1179 2063 1366 2096 versus
1395 2051 1842 2096 accommodatus
1870 2052 1936 2096 sit
1964 2052 2039 2095 illi
2062 2053 2194 2106 viro,
2226 2053 2312 2097 cui
2337 2065 2422 2097 ex-

209 2124 448 2179 emplum
474 2123 725 2178 quodque
751 2123 895 2168 dono
925 2123 1169 2167 dabatur.
1203 2123 1313 2168 Nos
1343 2135 1466 2167 eam
1495 2123 1732 2167 formam
1760 2123 2104 2179 praebuimus,
2137 2137 2300 2179 quam
2330 2125 2423 2168 dat

208 2195 635 2239 vindobonensis
666 2195 855 2248 codex,
890 2207 1012 2250 quae
1043 2194 1411 2251 reperiebatur
1441 2194 1494 2238 in
1527 2196 1775 2250 exemplo
1805 2195 2116 2250 imperatori
2145 2196 2421 2252 Rudolpho

210 2267 352 2311 dono
374 2266 501 2310 dato
520 2266 685 2324 (quod
704 2277 813 2311 non
826 2267 942 2323 Jam
962 2267 1175 2324 exstat);
1196 2266 1250 2310 in
1271 2266 1386 2310 aliis
1406 2266 1558 2310 aliter
1577 2266 1855 2310 confectus
1875 2270 2010 2310 erat:

635 2338 859 2394 »Accipe
879 2337 1144 2390 clementi,
1165 2338 1412 2393 Princeps
1432 2337 1761 2394 Wolfgange,
1783 2338 1996 2382 favore«

209 2410 282 2467 (in
312 2410 560 2464 exemplo
593 2410 1001 2465 archiepiscopo
1034 2409 1405 2464 Salzburgensi
1443 2409 1665 2462 donato;
1706 2409 1810 2453 vid.
1846 2409 2106 2454 Gassendi
2144 2409 2424 2465 Tychom's

210 2480 420 2526 Brahei
439 2480 550 2525 vita
569 2493 620 2537 p.
647 2481 764 2539 175),

714 2552 954 2608 »Accipe‚
977 2551 1233 2605 Grimani,
1255 2553 1452 2596 coelata
1472 2555 1524 2595 et
1543 2552 1686 2607 picta
1706 2553 1913 2596 colore«

210 2625 282 2683 (in
301 2626 547 2680 exemplo
569 2624 858 2669 Oxoniensi
878 2623 1002 2667 duci
1021 2623 1350 2668 Venetorum
1370 2624 1605 2681 donato),

607 2695 848 2750 »Accipe‚
870 2695 993 2738 Dux
1013 2695 1259 2747 Henrice,
1282 2698 1334 2738 et
1353 2695 1562 2749 sculpta
1582 2697 1634 2738 et
1653 2694 1796 2749 picta
1816 2695 2023 2738 colore«

210 2768 283 2825 (in
302 2768 550 2822 exemplo
573 2766 914 2822 Gottingensi,
938 2765 1172 2810 Henrico
1188 2765 1217 2818 J
1219 2765 1326 2809 ulio
1347 2765 1471 2809 duci
1490 2765 1725 2823 donato),

350 2870 355 2873 .
669 2838 892 2893 »Accipe
912 2836 1176 2889 clementi,
1198 2836 1444 2891 Princeps
1464 2835 1768 2888 fortissime,
1789 2837 1960 2879 vultu«

211 2910 283 2968 (in
303 2910 552 2966 exemplo
572 2908 971 2953 Vindobonensi
993 2907 1236 2951 Matthiae
1257 2907 1533 2951 archiduci
1552 2907 1786 2964 donato),

622 2980 861 3036 »Accipe‚
884 2980 1210 3035 scaligerum
1231 2979 1395 3022 decus
1414 2978 1720 3023 immortale
1734 2978 1763 3030 J
1767 2978 2009 3033 osephe‚«

212 3053 285 3110 (in
303 3053 550 3108 exemplo
573 3052 819 3096 Leidensi
832 3051 861 3104 J
865 3051 1068 3106 osepho
1090 3050 1356 3106 scaligero
1377 3051 1610 3107 donato).

287 3123 686 3168 EPIGRAMMA
713 3122 1118 3167 STELLARUM
1148 3121 1613 3166 INERRANTIUM
1645 3119 2104 3164 RESTITUTIONI
2134 3119 2422 3162 PRAEMIS·

215 3195 360 3240 SUM
381 3195 450 3253 (p.
472 3194 579 3252 212)
597 3194 756 3239 simili
775 3195 939 3238 modo
960 3194 1195 3249 primum
1215 3205 1431 3237 versum
1451 3192 1656 3248 praebet
1676 3191 1963 3235 variatum:

540 3266 682 3311 »Hos
702 3277 915 3321 quoque
934 3265 1213 3309 stelliferos
1234 3275 1384 3320 cape,
1405 3264 1650 3319 Princeps
1668 3263 1881 3317 inclyte,
1902 3261 2087 3305 foetus«

215 3337 540 3395 (Gassendus
560 3349 609 3393 p.
636 3337 754 3395 176),

625 3409 767 3453 »Hos
788 3419 1000 3463 quoque
1020 3406 1315 3459 stelliferos,
1339 3406 1581 3458 Matthia,
1603 3405 1812 3460 suscipe
1833 3404 2017 3448 foetus«

216 3481 288 3537 (in
307 3481 555 3535 exemplo
576 3479 1008 3537 Vindobonensi),
