2730 4264
796 314 919 367 AD
946 313 1279 367 TOMUM
1306 311 1733 377 QUINTUM
2267 310 2371 363 275
2463 301 2465 303 ’

204 462 338 523 AD
367 459 1089 522 PROLEGOMENA
1118 460 1220 520 IN
1249 458 1505 520 SOLIS
1533 457 1647 519 ET
1676 457 1970 519 LUNAE
1999 456 2330 517 MOTUS

419 549 982 611 RESTITUTOS
1010 548 1586 700 ῧξὸῑέΙΊᾼΙΙῖἐὲέΜ
1616 548 1752 608 AN
1760 547 1821 607 N
1833 546 2113 608 ORUM

631 728 801 766 Codicis
821 727 1169 765 Vindobonensis
1188 729 1257 764 lat.
1282 729 1420 764 106863
1440 727 1707 764 distinximus
1729 737 1906 763 manum

873 776 1054 823 priorem
1076 776 1176 819 (ml)
1197 779 1236 812 et
1254 775 1526 822 posteriorem
1548 776 1607 819 (m
1616 777 1661 818 2).

234 886 277 928 p.
302 872 385 916 166
404 886 446 915 ν.
466 871 525 916 22
550 871 623 915 ad
648 871 795 915 hunc
814 869 1038 913 Annum
1071 869 1185 913 1598
1210 870 1328 914 cod.
1356 872 1469 923 m.¹,
1498 870 1593 914 sed
1620 869 1767 912 hunc
1794 869 1893 913 del.
1923 870 2015 912 m.²
2088 882 2131 911 v.
2151 867 2210 912 23
2235 866 2374 910 inse-

163 933 396 988 quentes
418 934 506 975 m.¹
575 931 648 975 ad
668 933 760 974 m.²
781 929 872 973 :in
893 933 988 974 m.¹

234 1005 278 1046 p.
301 991 386 1035 167
405 1005 447 1035 ν.
467 990 496 1035 8
520 994 642 1046 post
660 989 913 1034 adbiberi
931 990 1052 1033 add.
1078 987 1197 1047 Qua
1218 988 1386 1032 etiam
1408 988 1477 1032 de
1498 988 1660 1032 causa
1679 988 1825 1031 circa
1841 988 2052 1031 calcem
2069 985 2237 1030 buius
2250 986 2375 1030 libri

163 1051 405 1095 rationes
423 1048 764 1104 indigitabim
772 1059 854 1103 us,
877 1048 1077 1104 quibus
1091 1049 1213 1093 baec
1229 1046 1571 1103 Pragmateta
1586 1048 1768 1102 quoad
1779 1049 1952 1091 ratam
1970 1046 2370 1102 experientiam

167 1109 446 1165 utrobique
466 1109 791 1154 inffituenda
816 1109 1003 1153 ueniat
1019 1121 1090 1152 m.
1103 1111 1132 1161 ¹,
1154 1109 1250 1152 sed
1270 1109 1391 1151 haec
1411 1109 1577 1152 verba
1598 1109 1771 1151 deleta
1791 1111 1927 1151 sunt.

234 1184 278 1224 p.
301 1169 385 1214 169
405 1183 447 1212 v.
467 1169 496 1213 8
522 1169 808 1227 ambobus]
834 1167 948 1212 illis
975 1171 1065 1212 m.¹
1164 1182 1206 1211 v.
1230 1167 1399 1211 10-11
1430 1165 1861 1210 architedtatrice
1888 1168 2064 1221 posuit
2089 1169 2210 1221 post
2235 1164 2374 1220 sapi-

163 1228 311 1273 entia
330 1232 426 1273 m.¹
468 1242 511 1272 v.
535 1229 590 1273 15
614 1227 839 1283 suasque
859 1226 1287 1283 significationes
1306 1227 1537 1270 ederent
1554 1239 1659 1271 om.
1676 1229 1766 1270 m.1
1818 1240 1860 1269 v.
1884 1225 2057 1269 18--19
2079 1224 2374 1281 perJ‘ucun-

164 1289 309 1347 dam]
334 1287 651 1333 indefessam
681 1291 776 1332 m.¹
869 1301 912 1331 v.
931 1287 990 1331 22
1015 1287 1226 1342 reliqua
1253 1287 1554 1344 Mundana]
1582 1287 1766 1329 cetera
1793 1285 1991 1329 Mundi
2016 1288 2111 1329 m.¹
2210 1284 2373 1342 cedit]

163 1348 373 1393 cedens
392 1351 480 1392 m.¹
580 1362 623 1391 v.
643 1347 702 1392 23
730 1348 801 1406 ut]
821 1346 992 1402 ipsam
1014 1350 1104 1391 m.¹
1204 1357 1367 1401 quam
1389 1345 1686 1390 incolimus
1707 1358 1812 1390 om.
1835 1348 1925 1389 m.¹
2026 1358 2066 1388 v.
2086 1344 2145 1388 24
2174 1344 2372 1402 uincat]

166 1408 397 1452 uincens
417 1410 507 1452 m.¹
581 1411 703 1464 post
723 1407 835 1451 dici
853 1408 974 1451 add.
997 1408 1179 1451 autem
1204 1409 1319 1458 m.2,
1339 1407 1434 1450 sed
1455 1406 1648 1450 delevit
1715 1420 1756 1449 v.
1777 1404 1954 1449 27-28
1983 1405 2042 1448 ut
2054 1437 2183 1449 .....
2202 1404 2374 1447 addu-

163 1479 286 1512 cam
309 1479 416 1512 om.
439 1470 528 1512 m.¹
586 1481 629 1511 v.
648 1466 707 1512 33
733 1467 900 1525 baud]
920 1477 1030 1511 non
1051 1469 1141 1510 m.1
1211 1479 1253 1509 v.
1273 1465 1331 1509 38
1357 1464 1490 1524 fere]
1510 1466 1637 1509 luce
1658 1468 1746 1509 m.¹
1811 1479 1852 1508 v.
1873 1465 1931 1509 39
1957 1468 2078 1520 post
2098 1463 2228 1508 orba
2249 1464 2371 1507 add.

164 1528 222 1571 et
237 1526 379 1572 cassa
399 1530 488 1571 m.¹
558 1541 601 1571 v.
621 1526 680 1571 40
706 1537 774 1571 ea
793 1526 1013 1585 faciem]
1034 1524 1213 1570 facies
1233 1528 1323 1569 m.¹

234 1600 278 1641 p.
302 1586 387 1631 170
406 1600 448 1630 ν.
472 1587 491 1630 1
522 1587 687 1641 idque
710 1599 817 1631 om.
834 1589 930 1630 m.¹
982 1585 1067 1630 v.3
1087 1585 1472 1629 accommodat
1487 1585 1563 1628 ita
1584 1588 1672 1631 m.¹
1731 1598 1773 1628 v.
1788 1584 1905 1628 7-—8
1925 1583 2062 1627 libro
2079 1617 2089 1628 .
2110 1616 2119 1626 .
2139 1616 2148 1626 .
2169 1581 2375 1626 ‚Astro-

163 1646 500 1691 nomicorum
525 1658 633 1691 om.
655 1649 745 1691 m.¹
811 1659 854 1689 v.
872 1645 1046 1690 14—15
1065 1645 1297 1700 imperio
1317 1646 1375 1687 et
1390 1645 1558 1702 motu]
1580 1646 1636 1687 et
1652 1643 1884 1699 imperio
1905 1646 1994 1687 m.¹
2058 1657 2101 1686 v.
2118 1643 2173 1686 17
2194 1641 2375 1696 dirigit

165 1718 271 1751 om.
294 1709 382 1750 m.¹
451 1720 495 1750 v.
514 1706 574 1750 20
598 1706 764 1750 etiam
788 1717 894 1750 om.
918 1709 1006 1749 m.¹
1076 1719 1119 1749 v.
1139 1704 1192 1748 21
1219 1707 1342 1748 ante
1362 1703 1731 1747 Latitudinem
1755 1704 1877 1747 add.
1900 1714 1966 1746 ac
1987 1706 2076 1747 m.¹
2147 1716 2189 1745 v.
2210 1701 2268 1745 22
2293 1701 2375 1744 in-

163 1765 337 1824 super]
364 1765 529 1810 etiam
558 1768 648 1810 m.¹
730 1764 972 1823 uariatae]
1001 1764 1246 1808 uariatur
1267 1766 1356 1807 m.¹
1435 1777 1478 1807 v.
1497 1763 1556 1807 23
1583 1763 1815 1821 quoque]
1843 1762 2065 1817 insuper
2085 1764 2174 1805 m.¹
2253 1775 2296 1804 v.
2316 1761 2375 1805 33

163 1824 328 1869 etiam
358 1837 465 1869 om.
494 1828 583 1869 m.¹
689 1839 731 1868 v.
751 1825 809 1869 39
838 1824 1229 1882 tantummodo]
1255 1822 1594 1867 solummodo
1619 1826 1709 1867 m.¹
1815 1837 1858 1866 v.
1878 1822 1937 1865 40
1956 1822 2312 1876 praepollent.
2332 1854 2371 1864 ..

159 1884 349 1943 potest]
365 1885 734 1940 praeponeant
748 1883 1115 1939 conspiciatur
1129 1887 1219 1927 m.¹

234 1958 279 1999 p.
302 1944 381 1988 171
405 1958 448 1988 v.
472 1944 527 1988 13
552 1943 680 2002 imo]
707 1944 958 1998 adeoque
985 1946 1074 1987 m.¹
1144 1957 1186 1987 v.
1211 1942 1266 1986 14
1291 1946 1412 1998 post
1437 1952 1666 1996 corpore
1693 1943 1814 1985 add.
1837 1942 2021 1985 calore
2044 1939 2138 1984 suo
2163 1939 2374 1994 reliqua

165 2003 401 2057 iouente,
423 2005 482 2048 et
496 2005 646 2048 motu
666 2005 892 2058 regente
913 2006 1003 2048 m.¹
1073 2017 1115 2046 v.
1139 2003 1194 2046 17
1219 2001 1520 2059 ipsumque]
1542 2002 1792 2056 adeoque
1813 2012 1938 2044 eum
1962 2003 2050 2044 m.¹
2117 2014 2159 2043 v.
2185 1999 2238 2043 18
2264 2000 2376 2043 col-

165 2064 421 2122 locatum]
436 2063 668 2119 politum
690 2066 780 2109 m.¹
841 2077 883 2107 v.
908 2062 1076 2107 19-21
1110 2061 1226 2106 Sub
1243 2094 1253 2105 .
1272 2094 1283 2106 .
1302 2095 1313 2105 .
1329 2061 1407 2105 est
1425 2073 1532 2106 om.
1556 2064 1644 2105 m.¹
1706 2075 1748 2104 v.
1768 2060 1826 2104 22
1852 2059 2127 2103 inferioris
2148 2071 2255 2103 om.
2278 2062 2372 2102 m.¹

164 2137 207 2167 v.
226 2123 285 2167 23
311 2122 519 2182 Solem]
547 2123 691 2166 bunc
717 2125 806 2166 m.¹
875 2136 918 2166 v.
938 2122 997 2166 24
1022 2124 1081 2166 et
1102 2121 1374 2180 ingentes]
1401 2132 1468 2165 ac
1494 2120 1750 2175 ingentes
1778 2122 1866 2164 m.¹
1942 2134 1984 2163 v.
2005 2119 2064 2163 24
2089 2118 2376 2163 efficacias

165 2184 329 2238 atque
355 2194 461 2227 om.
485 2185 579 2227 m.¹
672 2196 715 2226 v.
735 2182 794 2227 26
814 2181 1038 2237 proprio
1054 2215 1064 2226 .
1084 2216 1094 2226 .
1114 2215 1124 2226 .
1140 2181 1348 2226 nitente
1375 2193 1481 2225 orn.
1505 2183 1594 2224 m.¹
1694 2194 1736 2223 v.
1757 2180 1815 2224 28
1843 2183 1964 2223 ante
1991 2178 2230 2234 amplior
2251 2179 2371 2222 add.

165 2243 336 2287 multo
360 2245 450 2287 m.¹
531 2243 777 2300 apparet]
804 2241 879 2285 est
903 2244 994 2286 m.¹
1063 2256 1105 2285 v.
1126 2240 1298 2286 30—31
1331 2242 1391 2284 ut
1406 2240 1726 2298 plurimum]
1747 2250 1850 2294 pro
1876 2238 2072 2282 maiori
2091 2239 2251 2293 parte
2277 2240 2373 2283 m.¹

165 2316 207 2346 v.
226 2302 279 2346 31
311 2302 381 2346 de
407 2315 513 2347 om.
535 2305 630 2348 m.¹
729 2316 772 2345 v.
792 2301 970 2346 33—34
995 2301 1077 2345 in.
1098 2334 1109 2345 .
1127 2335 1138 2346 .
1154 2300 1384 2356 septimo
1411 2312 1517 2344 om.
1539 2302 1629 2343 m.¹
1735 2313 1776 2343 v.
1797 2299 1855 2343 37
1881 2300 1961 2342 et.
1981 2331 1991 2341 .
2010 2332 2020 2343 .
2038 2298 2375 2342 Ptolemaeus

166 2374 273 2407 om.
297 2364 386 2406 m.¹
448 2376 491 2405 v.
511 2362 570 2407 38
598 2360 1074 2421 Quemadmodum
1100 2361 1248 2419 uero]
1268 2360 1340 2404 Et
1357 2359 1820 2415 quemadmodum
1843 2361 1933 2402 m.¹
1994 2372 2036 2401 v.
2057 2358 2115 2402 39
2141 2358 2214 2401 Et
2227 2357 2374 2415 licet]

166 2421 326 2465 Licet
350 2431 479 2465 uero
504 2424 594 2466 m.¹
675 2435 718 2465 v.
738 2421 798 2466 40
825 2421 902 2465 uti
926 2420 1172 2465 diximus
1199 2432 1305 2464 om.
1329 2422 1418 2463 m.¹
1500 2433 1542 2463 v.
1562 2419 1614 2462 41
1650 2419 1805 2476 ultra]
1830 2418 1990 2473 supra
2016 2420 2105 2461 m.¹
2191 2415 2374 2460 omnia

167 2492 273 2525 om.
295 2484 384 2525 m.¹
455 2495 498 2525 v.
517 2480 577 2525 42
602 2481 1020 2539 aliquantulum]
1042 2480 1339 2535 aliquando
1360 2482 1450 2523 m.¹
1517 2478 1819 2534 quantitate
1840 2476 2129 2532 apparenti
2148 2489 2255 2521 om.
2278 2478 2373 2519 m.¹

236 2554 280 2595 p.
304 2540 388 2584 172
407 2554 449 2584 ν.
473 2540 492 2584 1
523 2539 746 2596 insuper
767 2552 873 2585 om.
895 2542 985 2584 m.¹
1055 2554 1097 2584 v.
1118 2540 1146 2584 3
1172 2539 1502 2583 extimulare
1530 2540 1588 2582 et
1611 2550 1717 2582 om.
1741 2540 1830 2581 m.¹
1906 2536 2252 2593 suffragante]
2279 2547 2376 2578 an-

165 2601 368 2644 nuente
395 2602 485 2644 m.¹
566 2614 609 2644 v.
633 2600 681 2644 11
713 2599 1044 2658 destituatur]
1073 2599 1202 2644 orba
1230 2599 1292 2643 Iit
1316 2601 1405 2643 m.¹
1486 2598 1659 2652 ipsum
1689 2610 1795 2642 om.
1819 2599 1908 2640 m.¹
1990 2610 2031 2639 v.
2056 2595 2229 2639 17-18
2256 2593 2376 2638 effi-

166 2659 384 2704 cacius,
403 2692 414 2703 .
434 2693 444 2704 .
460 2660 702 2719 exercet]
729 2671 893 2715 quam
922 2659 1167 2703 maxime
1195 2660 1454 2714 operatur
1475 2660 1564 2701 m.¹
1676 2671 1718 2700 v.
1739 2657 1791 2700 21
1822 2655 2116 2699 catenatim
2147 2667 2254 2698 om.
2277 2656 2373 2697 m.¹

165 2732 208 2762 v.
227 2719 286 2763 25
311 2719 598 2778 menstruo]
618 2718 909 2764 mensurno
930 2721 1019 2763 m.¹
1083 2733 1125 2763 v.
1145 2718 1205 2762 27
1230 2717 1378 2773 ipsas
1399 2729 1504 2761 om.
1528 2719 1617 2761 m.¹
1682 2730 1724 2759 v.
1744 2715 1802 2759 32
1823 2714 2123 2770 praesertim
2147 2725 2253 2757 om.
2277 2715 2372 2757 m.¹

166 2792 208 2822 v.
234 2778 411 2823 32—33
442 2781 500 2824 et
521 2779 769 2823 influxus
795 2791 902 2824 om.
927 2781 1015 2823 m.¹
1115 2793 1157 2822 v.
1184 2778 1242 2822 33
1269 2777 1567 2835 patiuntur]
1595 2774 1956 2830 experiuntur
1976 2776 2064 2817 m.¹
2169 2772 2375 2816 morbis

167 2849 273 2883 om.
297 2840 383 2882 m.¹
471 2853 515 2882 v.
534 2838 594 2883 34
619 2838 932 2897 Epileptici]
959 2838 1218 2893 Ecliptici
1243 2840 1331 2882 m.¹
1425 2850 1467 2879 v.
1487 2836 1665 2880 34-35
1691 2834 1809 2888 qui.
1830 2868 1839 2877 .
1860 2867 1869 2878 .
1882 2834 2123 2888 produnt
2146 2845 2252 2877 om.
2275 2834 2370 2876 m.¹

166 2911 208 2941 v.
228 2897 287 2942 35
302 2898 691 2957 superaddam]
712 2898 892 2942 dicam
914 2901 1004 2942 m.¹
1080 2912 1122 2941 v.
1143 2897 1200 2941 38
1222 2898 1410 2952 prout.
1431 2929 1440 2939 .
1460 2929 1470 2939 .
1482 2893 1763 2951 perspecta
1785 2906 1890 2938 om.
1915 2895 2003 2937 m.¹
2082 2906 2124 2935 v.
2145 2892 2203 2935 39
2232 2890 2373 2950 Quin

168 2956 233 3015 ἃ]
252 2957 339 3002 Ac
365 2960 454 3002 m.¹
556 2962 677 3014 post
697 2958 972 3013 plurimas
998 2958 1118 3002 add.
1142 2956 1286 3001 alias
1310 2954 1575 2999 recensitu
1601 2952 1900 2998 laboriosas
1928 2952 1977 2996 8(
1996 2951 2250 3006 prolixas
2276 2952 2371 2994 m.¹

120 3053 123 3056 .
167 3030 208 3060 v.
228 3017 287 3061 40
307 3017 529 3072 prorsus
550 3030 656 3062 om.
680 3020 769 3061 m.¹
839 3032 881 3061 v.
901 3017 1065 3072 42—p.
1090 3017 1174 3061 173
1194 3030 1236 3059 ν.
1260 3016 1279 3059 1
1311 3025 1452 3070 quas
1469 3047 1479 3057 .
1500 3048 1509 3058 .
1529 3047 1539 3058 .
1556 3017 1769 3068 imperu
1791 3025 1898 3056 om.
1921 3014 2010 3055 m.¹

238 3091 281 3131 p.
305 3077 389 3121 173
407 3091 450 3120 ν.
470 3077 499 3120 4
523 3082 644 3133 post
664 3077 995 3132 cooperante
1017 3077 1137 3121 add.
1160 3076 1251 3119 hic
1273 3077 1361 3118 m.¹
1431 3088 1474 3117 v.
1494 3074 1612 3118 6-7
1639 3073 1755 3117 Sed
1770 3106 1780 3116 .
1801 3105 1810 3115 .
1830 3105 1840 3115 .
1858 3070 2146 3127 arbitrans]
2167 3070 2239 3112 Et
2249 3069 2375 3124 plu-

167 3134 304 3180 rima
325 3136 435 3180 alia
456 3136 630 3182 Lunae
648 3136 954 3192 influentijs
974 3136 1304 3191 competunt,
1334 3145 1458 3189 quae
1479 3133 1662 3177 omnia
1682 3130 1966 3175 recensere
1990 3130 2085 3172 uix
2104 3130 2276 3172 datur.
2306 3128 2378 3171 Et

167 3196 439 3250 quatenus
453 3207 522 3240 ea
537 3196 794 3250 constant,
812 3195 980 3239 nimis
995 3195 1159 3239 etiam
1176 3196 1398 3249 longum
1416 3192 1567 3237 soret.
1593 3191 1773 3250 Quare
1788 3189 2052 3245 liquidum
2069 3188 2259 3231 euadit
2275 3190 2371 3231 m.¹

167 3268 210 3298 v.
229 3254 259 3299 8
278 3256 603 3311 praecellere
629 3257 687 3300 et
710 3268 816 3301 om.
840 3258 930 3299 m.¹
1018 3269 1060 3298 v.
1084 3254 1138 3299 13
1164 3258 1284 3310 post
1311 3254 1474 3307 atque
1503 3253 1623 3296 add.
1646 3251 1770 3294 eius
1796 3252 1886 3294 m.¹
1974 3263 2015 3291 v.
2040 3247 2094 3291 14
2120 3245 2374 3291 obnoxiae

168 3326 274 3358 om.
288 3317 377 3360 m.¹
428 3328 471 3358 v.
488 3316 543 3360 18
561 3314 905 3382 inuestigare]
923 3314 1186 3369 uestigare
1201 3315 1291 3357 m.1
1342 3326 1385 3355 v.
1399 3311 1571 3356 30-31
1597 3310 1742 3365 quod
1756 3309 2051 3353 dolendum
2068 3306 2143 3350 est
2156 3318 2262 3351 om.
2276 3308 2371 3349 m.¹

168 3387 210 3417 v.
230 3373 288 3418 39
312 3373 582 3433 requisita]
608 3375 680 3419 ad
706 3374 952 3419 amuBzm
982 3376 1070 3418 m.¹
1179 3371 1585 3428 adhibentibus]
1610 3368 1937 3413 sectantibus
1963 3370 2052 3411 m.¹
2159 3381 2201 3410 v.
2221 3365 2274 3410 41
2306 3364 2373 3409 ea

309 3459 380 3496 35·
