2730 4264
798 309 920 361 AD
946 309 1279 363 TOMUM
1307 309 1661 364 PRIMUM
2229 312 2335 365 239

199 459 245 503 p.
269 447 346 491 171
371 461 413 491 ν.
434 447 462 491 3
489 451 610 491 ante
634 446 711 491 uti
729 449 849 492 add.
871 449 947 492 ita
968 450 1029 501 V,
1051 451 1146 493 sed
1166 450 1358 494 delevit
1376 451 1430 493 T.

199 519 244 562 p.
268 506 352 550 172
372 521 413 550 ν.
434 506 493 550 42
519 506 839 550 Plutenicos
859 508 926 551 V:
949 509 1297 553 correximus.

199 578 244 621 p.
266 565 352 610 173
371 580 412 609 ν.
437 565 610 609 16-22
636 567 845 611 lacunae
866 578 895 610 e
914 568 1241 612 laceratione
1261 569 1466 613 chartae
1486 569 1785 614 extiterunt.

321 726 455 787 AD
489 726 1172 788 ASTROLOGIAM
1210 729 2135 794 METEOROLOGICAM.

198 838 242 880 p.
261 826 344 869 177
364 841 405 869 ν.
420 827 448 869 6
466 825 786 881 Astrologiae
800 838 867 871 ex
879 826 1240 882 Astrologiam
1257 841 1394 873 corr.
1412 831 1530 874 cod.
1589 845 1631 874 v.
1650 831 1705 875 10
1726 833 1823 875 vvt
1834 833 1977 876 cod.:
2000 834 2333 878 correximus

127 900 168 930 v.
192 885 247 929 14
266 885 507 941 demitirj
523 887 666 930 cod.:
689 887 1021 930 correximus
1082 901 1125 931 v.
1145 887 1199 931 31
1224 887 1584 933 dodtrinarum
1607 902 1673 934 ex
1694 890 1934 935 doctrina
1954 904 2093 937 corr.
2117 894 2235 937 cod.

126 944 267 1000 lucrj
292 957 359 988 ex
384 945 556 988 lucris
585 957 722 989 corr.
752 946 871 990 cod.
935 960 977 989 v.
998 945 1056 990 32
1084 946 1304 991 tractata
1335 960 1401 992 ex
1432 949 1626 993 tradita
1657 962 1795 994 corr.
1824 953 1943 996 cod.
2038 956 2161 997 ante
2190 953 2332 997 adeo

127 1005 381 1059 scriptum
401 1005 497 1048 fuit
518 1004 629 1048 Ver
643 1005 739 1048 sed
758 1006 992 1049 deletum
1012 1009 1106 1050 est.

197 1075 241 1118 p.
266 1064 348 1108 178
368 1078 409 1107 ν.
429 1063 457 1107 2
483 1067 603 1119 post
621 1063 789 1118 ipsius
808 1065 927 1108 3-4
946 1066 1135 1109 litterae
1155 1067 1345 1110 deletae
1365 1072 1487 1111 sunt
1547 1082 1589 1111 v.
1610 1069 1639 1112 4
1662 1068 1918 1113 efficatus
1938 1072 2080 1115 cod.:
2104 1074 2333 1116 correxi-

127 1135 245 1167 mus
307 1137 347 1166 v.
369 1123 396 1167 9
424 1123 786 1168 vniuerl'alius
807 1126 949 1169 cod.:
972 1125 1305 1169 correximus
1367 1141 1409 1170 v.
1433 1127 1487 1170 10
1514 1129 1570 1170 et
1586 1129 1912 1188 scripsimus]
1933 1129 2010 1173 est
2028 1132 2147 1175 cod.
2210 1146 2251 1175 v.
2277 1132 2326 1176 11

125 1181 236 1227 fata
257 1183 336 1227 bis
356 1184 474 1227 cod.
528 1197 568 1226 v.
594 1183 648 1227 13
673 1183 882 1238 aliquid
902 1185 1044 1229 cod.:
1068 1185 1401 1230 correximus
1481 1188 1669 1231 desinit
1689 1190 2071 1235 commentatio
2086 1190 2138 1234 in
2154 1192 2331 1235 media

125 1254 331 1298 pagma.

274 1368 408 1428 AD
438 1368 1103 1430 HOROSCOPUM
1133 1370 1586 1433 PRINCIPIS
1615 1373 2184 1436 CHRISTIANI.

170 1458 205 1492 Α
225 1470 270 1488 z
290 1458 430 1494 Codex
451 1458 716 1495 Hauniensis
736 1460 829 1494 Ant.
850 1459 956 1495 Coll.
978 1460 1073 1504 Reg.
1098 1460 1198 1496 1821.
1253 1461 1284 1495 B
1305 1474 1350 1491 r:
1371 1461 1511 1498 Codex
1533 1463 1797 1499 Hauniensis
1817 1467 1910 1500 Ant.
1933 1465 2038 1501 Coll.
2060 1466 2155 1512 Reg.
2179 1467 2281 1503 1820.

430 1507 462 1541 T
481 1519 527 1536 Ξ
547 1506 687 1542 Codex
706 1506 1051 1543 Vindobonensis
1071 1507 1141 1544 lat.
1164 1509 1302 1544 106888
1322 1509 1374 1544 ab
1397 1508 1489 1554 ipso
1509 1510 1711 1555 Tychone
1732 1512 2019 1548 adumbratus.

194 1585 238 1628 p.
263 1574 340 1618 181
366 1589 408 1618 ν.
428 1575 458 1618 4
480 1574 767 1620 Ottonides
786 1578 832 1619 A
893 1590 936 1620 v.
957 1577 985 1620 5
1005 1577 1298 1632 conscript.
1320 1579 1385 1622 A:
1408 1579 1780 1634 conscriptum
1803 1582 1860 1625 B:
1883 1584 2230 1628 correximus.

194 1645 238 1688 p.
263 1633 346 1677 183
365 1648 407 1678 v.
426 1634 457 1678 4
475 1635 700 1679 Domini
718 1647 825 1680 om.
849 1637 887 1680 Β
907 1649 1050 1681 man.
1072 1650 1149 1693 pr.
1214 1651 1256 1681 v.
1271 1637 1329 1681 28
1353 1638 1496 1697 tunc]
1519 1640 1629 1682 tum
1652 1641 1691 1683 Β
1710 1653 1853 1686 man.
1875 1654 1953 1697 pr.
2018 1655 2059 1685 v.
2077 1642 2135 1686 37
2154 1644 2329 1687 recla-

124 1694 240 1736 mat
255 1694 293 1736 B
313 1707 455 1738 man.
478 1707 555 1750 pr.

193 1763 237 1807 p.
262 1752 345 1796 185
371 1767 412 1797 v.
437 1754 492 1797 17
516 1754 624 1798 Pro
645 1765 776 1799 vero
795 1755 948 1799 Motu
970 1755 1218 1800 PraeceB.
1240 1760 1293 1801 et
1314 1757 1367 1800 in
1390 1769 1547 1802 versu
1573 1760 1813 1814 sequenti
1832 1760 1982 1804 Iovis
2003 1762 2331 1816 AEquinoctii

123 1811 153 1855 0
169 1811 199 1855 0
216 1812 246 1856 0
263 1811 294 1855 0
311 1814 402 1856 AB
421 1826 563 1857 man.
586 1826 692 1858 sec.
756 1829 798 1858 v.
822 1815 877 1858 18
899 1814 1031 1859 Sex.
1055 1815 1109 1874 B]
1132 1814 1245 1871 Sig.
1268 1818 1329 1869 A,
1352 1820 1404 1860 et
1423 1818 1498 1861 sic
1519 1830 1747 1874 semper.

193 1883 237 1926 p.
262 1872 344 1916 186
371 1886 412 1917 v.
433 1873 461 1916 6
488 1873 736 1918 Secundi
760 1886 866 1919 om.
896 1875 934 1918 Β
960 1888 1103 1920 man.
1131 1888 1209 1931 pr.
1238 1876 1411 1931 spatio
1438 1877 1622 1922 relicto
1691 1893 1732 1922 v.
1754 1880 1781 1922 7
1807 1883 1859 1923 et
1884 1894 1925 1923 v.
1946 1880 2004 1924 23
2025 1882 2327 1936 proportio-

122 1931 269 1975 nalia
289 1932 345 1990 T]
359 1933 788 1987 proportionalis
807 1936 898 1977 AB
960 1948 1002 1978 v.
1027 1935 1082 1979 13
1101 1939 1222 1990 post
1236 1935 1417 1990 prima
1439 1937 1560 1981 add.
1582 1937 1734 1982 stella
1756 1940 1794 1981 B
1813 1952 1955 1983 man.
1978 1952 2055 1996 pr.

191 1995 311 2046 post
330 2003 374 2046 p.
400 1993 483 2036 188
503 2007 544 2036 v.
565 1993 624 2036 30
644 1995 765 2038 add.
789 1994 928 2037 Vera
948 1994 1179 2039 latitudo
1204 2001 1249 2047 Θ
1277 1997 1314 2039 Β
1334 2008 1478 2040 man.
1500 2009 1578 2052 pr.

192 2061 236 2105 p.
261 2051 344 2095 189
349 2065 406 2155 ἔ
425 2051 543 2096 4—7
563 2052 695 2111 Dir.]
710 2053 836 2098 Dix.
852 2055 939 2098 AB
954 2066 1096 2098 man.
1114 2067 1219 2099 sec.
1278 2070 1320 2099 v.
1341 2055 1400 2099 29
1418 2067 1475 2099 ιιι
1491 2068 1598 2101 om.
1617 2057 1655 2100 B
1668 2070 1811 2102 man.
1827 2070 1904 2113 pr.
1970 2058 2055 2117 ΠΡ]
2076 2064 2110 2112 z
2131 2061 2168 2104 B
2181 2073 2324 2104 man.

121 2122 197 2165 pr.
218 2114 276 2154 ut
294 2111 346 2154 vi
386 2115 517 2156 etur.

191 2181 236 2224 p.
259 2170 343 2215 193
369 2185 410 2214 ν.
430 2170 488 2215 26
514 2175 567 2216 et
592 2186 633 2215 v.
654 2172 713 2216 28
739 2172 1026 2232 partiliter]
1052 2174 1145 2219 litt.
1167 2173 1278 2218 rtili
1302 2176 1341 2218 B
1365 2188 1509 2219 man.
1532 2188 1637 2221 sec.
1661 2188 1691 2221 e
1711 2188 1849 2222 corr.
1925 2192 1967 2221 v.
1987 2178 2045 2222 28
2076 2178 2132 2222 in
2160 2191 2266 2224 om.
2290 2181 2327 2223 B

121 2242 280 2273 man.
320 2242 361 2274 r.

191 2300 235 2343 p.
259 2242 344 2333 184
368 2304 409 2334 v.
430 2289 607 2334 32—33
639 2292 873 2336 caudam
901 2292 1176 2337 Draconis
1203 2306 1310 2339 om.
1334 2295 1372 2338 B
1397 2307 1540 2340 man.
1563 2308 1640 2351 pr.
1717 2310 1759 2340 v.
1779 2296 1838 2340 35
1868 2296 1925 2340 in
1955 2298 2132 2342 oculis
2159 2310 2265 2343 om.
2288 2301 2325 2343 Β

121 2360 261 2392 man.
283 2361 361 2404 pr.
426 2364 466 2393 v.
487 2350 546 2394 39
565 2351 861 2406 Eclipseos
881 2352 1109 2397 fortasse
1130 2354 1168 2397 B
1187 2366 1331 2398 man.
1353 2367 1431 2410 pr.

189 2419 235 2462 p.
265 2408 349 2453 196
379 2423 421 2452 ν.
447 2409 476 2453 4
506 2409 579 2468 Ie]
607 2410 779 2465 ipsum
812 2413 850 2455 Β
878 2425 1022 2457 man.
1053 2426 1131 2469 pr.
1214 2427 1256 2457 v.
1283 2414 1311 2457 9
1341 2413 1703 2459 Alchocoden
1734 2428 1840 2460 om.
1872 2417 1910 2459 B
1938 2417 2111 2472 spatio
2140 2419 2324 2463 relicto

120 2480 162 2510 v.
181 2467 239 2511 30
261 2467 407 2526 velit]
430 2470 579 2513 volet
596 2471 634 2513 Β
653 2484 796 2515 man.
818 2484 897 2527 pr.

189 2538 234 2581 p.
257 2528 341 2571 197
360 2541 403 2571 ν.
427 2528 482 2572 10
500 2529 844 2575 rationabilia
866 2532 903 2574 B
923 2544 1067 2575 man.
1090 2545 1167 2588 pr.
1220 2547 1262 2576 v.
1286 2533 1334 2577 11
1359 2533 1483 2578 haec
1504 2535 1542 2578 B
1562 2547 1704 2579 man.
1728 2547 1833 2579 sec.
1856 2547 1886 2579 e
1906 2548 2043 2580 corr.
2098 2551 2140 2579 v.
2163 2536 2218 2580 15
2239 2537 2323 2595 ob]

119 2586 188 2629 ab
209 2587 246 2629 B
265 2600 407 2632 man.
429 2601 507 2644 pr.
570 2603 612 2632 v.
633 2589 811 2634 25—26
835 2591 892 2634 in
918 2590 1086 2635 rebus
1110 2592 1372 2647 gerendis
1392 2595 1431 2636 Β
1450 2606 1592 2637 man.
1615 2607 1692 2650 pr.
1757 2608 1798 2638 v.
1819 2594 1877 2638 27
1904 2595 1954 2638 8(
1972 2594 2323 2655 picturarum]

119 2656 221 2689 nec
246 2657 354 2691 non
376 2646 706 2702 picturarum
736 2651 774 2693 B
799 2663 942 2694 man.
964 2663 1042 2707 pr.
1113 2665 1155 2695 v.
1175 2652 1228 2697 31
1264 2652 1422 2710 inter]
1448 2652 1504 2696 in
1533 2654 1571 2697 B
1597 2666 1739 2697 man.
1761 2666 1838 2710 pr.
1909 2669 1951 2697 v.
1971 2654 2030 2698 35
2060 2656 2096 2711 φ
2118 2655 2322 2714 (priore

118 2706 279 2764 loco)]
306 2705 339 2765 φ’
366 2708 404 2750 Β
464 2722 507 2751 ν.
527 2707 585 2751 40
605 2708 915 2754 diuturnam
939 2711 977 2754 B
997 2724 1140 2755 man.
1162 2724 1240 2767 pr.
1262 2716 1320 2756 ut
1339 2713 1562 2757 videtur.

188 2775 233 2819 p.
257 2766 340 2810 198
359 2781 402 2810 v.
425 2767 474 2810 11
506 2767 672 2811 cralis
692 2770 1019 2829 scripsimus]
1040 2770 1229 2815 craBis
1247 2773 1342 2815 AB
1404 2785 1446 2815 v.
1470 2772 1524 2816 13
1548 2772 1779 2815 ludieris
1799 2774 1837 2816 B
1857 2776 1915 2816 ut
1934 2773 2141 2817 videtur
2202 2788 2243 2817 v.
2263 2774 2322 2818 23

120 2822 169 2867 ἃ
195 2826 580 2885 voluptatibus]
607 2838 674 2871 ac
702 2830 1075 2884 voluptatibus
1102 2831 1140 2873 B
1165 2844 1308 2875 man.
1338 2843 1414 2887 pr.
1491 2845 1534 2875 v.
1554 2831 1612 2875 29
1643 2832 1811 2890 metu]
1837 2833 1986 2876 motu
2014 2833 2052 2875 Β
2076 2845 2219 2877 man.
2241 2846 2319 2889 pr.

118 2896 159 2926 v.
179 2883 236 2927 36
260 2885 466 2929 laboris
487 2887 524 2929 Β
543 2900 686 2932 man.
708 2901 787 2944 pr.
809 2893 866 2932 ut
885 2891 1109 2934 videtur.

187 2954 232 2997 p.
257 2944 339 2988 199
363 2959 406 2988 ν.
426 2945 454 2989 5
480 2947 670 3000 potius
699 2958 862 3002 qvam
894 2950 967 2993 ad
995 2948 1318 2993 brevitatem
1351 2951 1389 2993 Β
1418 2962 1560 2994 man.
1583 2963 1660 3006 pr.
1736 2964 1778 2994 v.
1803 2950 1851 2994 11
1891 2951 2037 3009 vero]
2068 2954 2250 2996 autem
2283 2954 2321 2996 Β

118 3014 257 3047 man.
285 3016 361 3059 pr.
389 3008 447 3048 ut
472 3006 682 3050 videtur
753 3022 795 3051 v.
819 3008 874 3052 19
906 3009 996 3053 12ae
1023 3021 1129 3053 om.
1160 3010 1198 3052 B
1223 3022 1365 3053 man.
1394 3021 1470 3064 pr.
1547 3023 1588 3053 v.
1609 3010 1660 3053 21
1699 3010 2050 3055 decremento
2075 3011 2131 3069 T]
2158 3011 2320 3055 detri-

118 3063 300 3106 mento
318 3065 410 3107 AB
471 3079 513 3108 v.
533 3065 591 3110 28
618 3065 885 3112 beneficae
905 3068 960 3126 B]
982 3067 1252 3112 beneficis
1271 3070 1317 3111 A
1378 3083 1419 3112 v.
1440 3068 1498 3112 32
1524 3068 1890 3127 afflictionem]
1912 3067 2253 3114 affectionem
2282 3071 2320 3114 Β

118 3133 257 3165 man.
278 3135 356 3178 pr.
378 3128 436 3168 ut
454 3125 664 3169 videtur
723 3140 765 3169 v.
786 3127 845 3171 34
873 3132 994 3183 post
1019 3129 1195 3171 Erunt
1218 3129 1339 3172 add.
1364 3129 1546 3172 tamen
1574 3129 1612 3171 Β
1639 3141 1781 3172 man.
1803 3141 1881 3183 pr.
1954 3143 1995 3172 v.
2016 3129 2074 3173 36
2103 3140 2227 3185 qvae
2253 3142 2319 3174 ex

118 3180 210 3234 qvi
227 3193 364 3227 corr.
387 3184 425 3226 B
444 3187 502 3227 ut
520 3185 743 3230 videtur.

186 3251 231 3294 p.
250 3241 338 3285 200
363 3256 405 3285 ν.
428 3242 484 3286 14
507 3242 770 3303 sedulam]
797 3246 889 3290 litt.
913 3247 1009 3290 dul
1029 3247 1068 3290 Β
1087 3259 1230 3290 man.
1253 3258 1358 3291 sec.
1382 3259 1412 3290 e
1432 3258 1569 3292 corr.
1634 3260 1675 3290 v.
1696 3246 1748 3290 21
1780 3246 2185 3302 dispositionem
2209 3261 2316 3293 om.

117 3298 154 3340 B
173 3312 314 3344 man.
336 3314 413 3356 pr.
477 3316 519 3346 v.
539 3303 598 3347 29
617 3303 938 3364 aBeqvetur]
959 3306 1052 3349 litt.
1077 3316 1145 3349 ve
1167 3307 1205 3349 B
1224 3318 1367 3350 man.
1389 3318 1495 3350 sec.
1518 3318 1547 3350 e
1567 3318 1705 3350 corr.
1788 3306 2090 3365 politicam]
2111 3308 2203 3352 litt.
2226 3319 2316 3352 am

118 3357 155 3399 B
180 3371 321 3405 man.
343 3372 449 3406 sec.
472 3374 502 3406 e
522 3373 659 3407 corr.
723 3378 764 3407 v.
786 3364 843 3408 37
871 3365 1035 3409 domo
1055 3376 1162 3409 om.
1186 3366 1224 3408 Β
1247 3378 1390 3410 man.
1412 3378 1490 3421 pr.
1554 3379 1596 3409 v.
1616 3365 1674 3409 38
1704 3367 1796 3422 9¹¹⁵
1815 3365 1865 3409 ἅ
1888 3368 1992 3422 <3¹⁸³
2010 3367 2049 3410 Β
2074 3379 2216 3412 man.
2237 3380 2315 3423 pr.
