2730 4264
785 317 907 369 AD
933 317 1268 370 ToMUM
1296 290 1723 382 QUINTUM
1784 338 1786 340 -
2257 320 2361 372 277

224 471 267 512 p.
291 457 376 501 179
395 471 437 501 ν.
456 456 486 501 4
511 468 656 500 nunc
683 456 1004 515 constarent]
1030 456 1377 502 conltitiBent
1397 460 1487 501 m.¹
1556 471 1598 501 v.
1619 457 1648 501 8
1674 457 1878 515 eludet]
1896 456 2062 501 >sallet
2085 460 2174 502 m.¹
2241 472 2283 501 v.
2308 459 2362 502 10

115 545 118 548 ·
157 516 495 572 Copernicus
521 519 610 560 m.¹
691 530 733 559 v.
758 516 932 562 11-12
960 516 1259 575 manifesta]
1286 517 1494 571 liquida
1520 519 1610 562 m.¹
1692 531 1734 561 v.
1754 517 1814 561 20
1838 517 2110 561 Bernardi
2135 529 2240 561 om.
2263 521 2359 562 m.¹

152 590 194 620 v.
214 575 391 619 22—23
416 575 856 619 excellentiBimi
870 608 880 618 .
900 609 910 619 .
930 609 940 620 .
958 575 1099 634 ejus]
1120 577 1244 620 eius
1267 578 1357 620 uel
1377 576 1627 632 discipuli
1644 580 1734 622 m.¹
1805 591 1846 620 v.
1866 577 2046 620 23-24
2066 577 2299 631 pariter.
2319 611 2329 621 .
2350 612 2358 621 .

153 635 442 690 dignissimi
466 647 572 679 om.
595 637 684 678 m.¹
777 649 819 678 v.
840 634 899 678 26
929 635 1247 692 Calendarij
1268 639 1358 680 m.¹
1454 651 1495 680 v.
1517 636 1575 681 29
1601 636 1945 695 extricatam]
1971 636 2241 681 constaret
2264 640 2358 681 m.¹

152 709 193 739 v.
213 695 273 739 30
298 695 593 738 medellam
615 697 705 738 m.¹
781 708 823 738 v.
844 694 902 738 32
927 694 1135 739 eximia
1154 696 1321 739 laude
1342 708 1448 740 orn.
1471 699 1560 740 m.¹
1638 710 1680 740 v.
1702 696 1761 740 33
1786 700 1908 752 post
1927 696 2059 752 Lilij
2076 698 2197 740 add.
2221 708 2362 752 opus

150 754 256 798 hoc
277 756 366 798 m.¹
417 768 459 797 v.
474 753 532 797 34
548 753 923 808 promulgauit
939 755 997 798 et
1014 766 1121 799 om.
1138 757 1227 799 m.¹
1279 769 1320 798 v.
1336 755 1394 799 37
1414 755 1677 800 renouata
1699 768 1804 801 om.
1821 759 1911 800 m.¹
1963 768 2116 800 mera
2139 769 2245 800 om.
2264 760 2358 801 m.¹

151 821 193 858 v.
213 813 271 858 38
294 813 401 872 (uti
418 812 692 871 existimo)
710 825 817 858 om.
839 816 929 858 m.¹
993 827 1035 857 v.
1055 814 1114 857 42
1131 814 1212 860 Et
1229 816 1503 873 quamuis]
1525 815 1685 859 Licet
1704 826 1834 860 uero
1853 818 1943 860 m.¹

224 887 268 927 p.
291 872 376 916 180
394 886 436 916 v.
461 872 480 916 1
514 872 678 916 totius
706 884 811 917 om.
834 875 923 917 m.¹
1005 877 1127 929 post
1146 874 1252 917 el3e
1274 875 1395 919 add.
1414 875 1563 929 poBe
1590 878 1680 919 m.¹
1762 890 1804 919 v.
1825 876 1853 919 6
1879 876 2120 920 enodare
2140 875 2362 919 sustinu-

153 932 326 990 erunt]
346 931 686 976 extricarunt
708 935 798 976 m.l
880 946 921 975 v.
946 932 1001 976 10
1027 944 1153 977 meo
1171 933 1302 977 sane
1313 933 1526 989 J'udicio
1554 947 1659 979 om.
1682 938 1771 979 m.1
1853 950 1895 979 v.
1919 936 1974 979 14
2000 936 2360 994 adducuntur]

152 990 474 1036 adseruntur
493 993 582 1035 m.¹
673 1005 715 1035 v.
746 991 800 1035 15
826 993 1054 1047 penitus
1082 1004 1187 1037 om.
1210 993 1319 1038 m.¹'
1394 1008 1435 1037 v.
1466 994 1520 1037 17
1546 994 1663 1049 jam
1692 996 2046 1053 memoratus]
2074 995 2239 1039 etiam
2262 999 2357 1039 m.¹

151 1065 193 1095 v.
211 1050 385 1094 17—-18
405 1051 474 1094 de
491 1083 501 1094 .
521 1084 532 1095 .
551 1083 562 1094 .
578 1051 809 1095 meritus
830 1063 937 1096 om.
954 1054 1044 1096 m.¹
1098 1066 1140 1096 v.
1159 1053 1213 1096 19
1235 1053 1418 1111 Verni]
1440 1053 1693 1097 Vernalis
1714 1058 1802 1098 m.¹
1855 1069 1896 1098 v.
1911 1055 1970 1099 29
1989 1054 2119 1099 satis
2140 1068 2246 1099 orn.
2264 1058 2357 1099 m.¹

151 1124 193 1154 v.
213 1110 272 1154 39
297 1121 504 1165 gnarus
523 1109 600 1168 Iit]
620 1110 944 1155 nouerit.m.¹
1099 1139 1111 1159 ι

223 1184 265 1224 p.
290 1170 367 1214 181
390 1183 435 1213 v.
456 1169 484 1213 2
515 1169 615 1213 fiet
636 1173 726 1214 m.¹
807 1185 849 1214 v.
870 1170 899 1214 3
930 1170 1154 1229 irrepsit]
1180 1171 1292 1214 sese
1317 1172 1591 1227 implicuit
1614 1176 1703 1217 m.¹
1790 1188 1832 1217 v.
1853 1173 1882 1217 5
1915 1175 2254 1232 deprompta]
2282 1175 2362 1218 di-

152 1227 308 1273 dudta
329 1231 418 1273 m.¹
488 1243 530 1272 v.
551 1229 579 1273 6
604 1230 845 1288 requirit]
866 1229 974 1274 sert
988 1233 1078 1274 m.¹
1142 1245 1184 1275 v.
1205 1232 1233 1274 7
1259 1232 1319 1275 et
1328 1232 1562 1286 penuria
1585 1245 1692 1277 om.
1715 1236 1820 1277 m.¹·
1875 1248 1916 1276 v.
1937 1234 1965 1276 8
1991 1234 2155 1278 etiam
2178 1234 2362 1278 intuli-

151 1289 294 1347 mus]
309 1288 554 1332 diximus
568 1292 657 1333 m.¹
709 1303 751 1333 v.
769 1290 817 1333 11
843 1290 1008 1345 idque
1026 1291 1154 1349 ulla]
1169 1292 1332 1345 atque
1351 1292 1460 1335 ulla
1474 1292 1533 1335 id
1549 1295 1638 1336 m.¹
1690 1307 1732 1336 v.
1751 1293 1806 1336 14
1826 1293 2066 1352 etsimul]
2080 1293 2245 1337 etiam
2263 1296 2358 1338 m.¹

151 1362 193 1392 v.
207 1348 266 1392 20
279 1347 576 1407 praefinire]
598 1349 921 1404 depromere
939 1352 1028 1395 m.¹
1081 1364 1123 1393 v.
1137 1350 1196 1394 22
1215 1349 1368 1405 sequi
1387 1363 1493 1395 om.
1510 1354 1600 1395 m.¹
1652 1366 1694 1395 v.
1708 1352 1886 1397 22-23
1905 1353 2005 1396 rite
2027 1353 2361 1408 disponendo

152 1420 258 1452 om.
280 1410 370 1452 m.¹
428 1422 470 1452 v.
490 1408 548 1452 26
574 1409 871 1452 admodum
894 1421 1000 1463 orn.
1023 1412 1113 1454 m.¹
1171 1424 1214 1454 v.
1234 1410 1292 1454 27
1318 1410 1539 1469 exigua]
1560 1411 1801 1456 leuicula
1823 1415 1911 1456 m.¹
1970 1427 2011 1455 v.
2033 1413 2090 1456 28
2110 1418 2230 1468 post
2250 1415 2362 1457 col-

150 1467 354 1511 latione
375 1468 495 1512 add.
513 1467 863 1522 praesentium
885 1471 975 1513 m.¹
1026 1483 1069 1513 v.
1083 1469 1255 1514 30-31
1281 1469 1667 1515 reformatione
1691 1473 1801 1516 tuto
1822 1472 2213 1530 administrare]
2234 1483 2362 1516 con-

150 1526 419 1571 stitutione
449 1527 655 1582 exequi
680 1530 770 1572 m.¹
851 1543 894 1572 v.
920 1529 978 1572 32
1009 1528 1261 1587 superest]
1292 1530 1454 1574 datur
1482 1533 1571 1574 m.¹
1654 1535 1776 1575 ante
1806 1531 1964 1575 Licet
1995 1533 2114 1576 add.
2147 1532 2218 1576 Et
2244 1535 2358 1577 m.¹:

150 1586 294 1630 Nam
315 1589 429 1639 m.²‚
451 1588 546 1631 sed
566 1588 760 1632 delevit
839 1586 1094 1646 Epadia's]
1108 1586 1343 1632 'exacias
1363 1587 1454 1633 m.¹
1533 1604 1575 1633 v.
1596 1590 1654 1634 35
1675 1590 1948 1649 praeltant]
1967 1591 2177 1635 habent
2191 1594 2281 1636 m.¹

66 1695 69 1698 Δ
221 1659 265 1700 p.
283 1645 367 1690 182
387 1660 429 1690 ν.
444 1646 472 1690 5
492 1647 634 1690 duos
646 1647 844 1691 Annos
868 1647 982 1691 1598
1003 1647 1052 1692 8(
1075 1648 1205 1706 1599]
1227 1649 1373 1703 hunc
1393 1649 1669 1693 labentem
1688 1649 1908 1694 Annum
1936 1651 2050 1694 1598
2071 1654 2159 1694 m.¹
2240 1656 2361 1707 post

151 1706 292 1749 duos
318 1706 439 1750 add.
463 1707 752 1762 proximos
777 1709 890 1759 m.²,
918 1708 1013 1752 sed
1039 1708 1232 1752 delevit
1322 1722 1364 1751 v.
1395 1708 1561 1752 10—11
1603 1708 1806 1767 Quam.
1827 1711 2085 1768 ..leuem]
2115 1710 2358 1769 Quod...

150 1766 276 1808 leue
296 1767 386 1809 m.¹
437 1780 480 1809 v.
498 1766 546 1809 11
572 1765 692 1809 sub.
713 1799 724 1809 .
745 1801 755 1811 .
775 1766 945 1810 t1‘tulis
966 1779 1072 1811 om.
1094 1770 1184 1810 m.¹
1236 1782 1278 1811 v.
1296 1768 1351 1812 16
1369 1768 1650 1823 Noruagia
1678 1772 1767 1814 m.¹
1822 1784 1863 1813 v.
1878 1770 1935 1813 22
1955 1770 2359 1829 Reflexionem]
2383 1825 2385 1827 ι

150 1824 589 1869 Declinationem
612 1828 701 1870 m.¹
777 1840 820 1869 v.
839 1826 898 1870 23
924 1827 995 1884 et]
1016 1829 1180 1881 atque
1200 1830 1290 1871 m.¹
1366 1827 1672 1886 admittere]
1693 1829 1908 1873 mittere
1930 1832 2018 1873 m.¹
2094 1844 2136 1873 v.
2157 1830 2215 1874 24
2240 1835 2361 1886 post

151 1884 320 1928 habet
336 1885 457 1929 add.
478 1885 670 1929 Altera
690 1897 824 1929 mox
842 1885 1175 1940 subsequens
1195 1887 1412 1931 medios
1431 1889 1615 1932 motus
1636 1888 2013 1932 Luminarium
2035 1889 2146 1932 siue
2166 1901 2361 1933 eorun-

151 1943 276 2000 dem
307 1944 569 1999 Epochas
597 1945 671 1988 ad
697 1945 988 1988 Meridiem
1025 1945 1389 1990 Calendarum
1424 1946 1751 2002 singulorum
1784 1948 2049 1992 Mensium
2082 1960 2154 1992 ex
2186 1949 2359 1993 nostra

150 2002 480 2047 restitutione
501 2004 570 2047 ab
591 2003 932 2059 AEquinodtio
954 2001 1133 2049 Verno
1154 2006 1372 2060 promit,
1400 2005 1676 2051 subiundia
1702 2008 1867 2051 etiam
1896 2010 2080 2052 motus
2106 2007 2287 2053 diurni
2312 2009 2361 2053 8!

153 2062 358 2118 horarij
373 2063 769 2108 numeratione.
792 2065 970 2108 Tertia
985 2064 1140 2109 Festa
1154 2065 1378 2110 mobilia
1393 2065 1690 2110 secundum
1707 2069 2026 2111 renouatam
2049 2067 2364 2124 Calendarij

150 2121 398 2176 sormam,
428 2124 537 2166 tum
567 2134 784 2179 quoque
813 2126 1055 2168 ueterem
1082 2124 1233 2168 illam
1263 2125 1514 2179 exhibet,·
1539 2128 1596 2170 et
1618 2126 1774 2170 simul
1794 2127 2078 2182 praecipua
2106 2129 2358 2182 quaedam

151 2192 225 2225 ex
237 2181 532 2226 mobilibus
545 2183 699 2227 iuxta
716 2185 981 2238 utranque
995 2183 1260 2229 rationem
1273 2197 1289 2238 ,·
1307 2184 1568 2240 liquidem
1586 2197 1689 2241 pro
1704 2186 1777 2242 ijs
1791 2187 1846 2230 in
1861 2187 1979 2241 ipsa·
1990 2187 2202 2242 Ephem
2210 2187 2360 2231 eride

151 2242 476 2286 commodus
495 2253 604 2287 non
620 2243 803 2298 patuit
818 2245 991 2288 locus.
1013 2243 1244 2288 Adiedta
1265 2245 1430 2288 etiam
1453 2245 1575 2289 sunt
1592 2246 1844 2301 quaedam
1867 2246 1977 2290 alia
1999 2247 2366 2291 communiter

151 2301 357 2356 apponi
384 2301 551 2356 solita,
585 2313 656 2346 ne
690 2303 866 2347 tritam
903 2303 1048 2347 uiam
1078 2303 1301 2359 prorsus
1332 2304 1614 2360 negligere
1650 2305 1940 2350 uideamur
1967 2309 2080 2359 m.¹‚
2114 2308 2209 2351 sed
2240 2308 2359 2351 haec

151 2361 317 2405 verba
337 2362 509 2406 deleta
529 2366 651 2406 sunt
712 2377 754 2406 v.
774 2363 834 2407 30
853 2374 957 2418 pro
977 2362 1144 2408 Anno
1167 2363 1282 2408 1598
1302 2376 1408 2409 om.
1430 2368 1520 2408 m.¹

221 2434 265 2474 p.
288 2420 373 2465 183
392 2435 434 2465 v.
455 2421 485 2464 5
509 2422 538 2465 6
556 2421 747 2478 Martij
761 2419 1088 2481 scripsimus]
1113 2424 1141 2466 7
1157 2423 1346 2480 Martij
1363 2425 1481 2468 cod.
1557 2439 1599 2468 v.
1624 2424 1678 2468 12
1703 2425 1897 2483 reddit]
1918 2425 2053 2469 sacIt
2071 2428 2158 2469 m.¹
2241 2440 2281 2469 v.
2302 2426 2353 2469 21

97 2526 99 2529 ,
151 2479 379 2523 nimium
402 2483 492 2524 m.¹
543 2495 584 2524 v.
599 2481 658 2526 32
680 2481 854 2526 Sexta
873 2483 1200 2541 scripsimus]
1222 2483 1439 2527 decima
1460 2486 1549 2528 m.¹
1608 2499 1650 2528 v.
1664 2484 1716 2528 41
1746 2486 1971 2539 uterque
1992 2486 2243 2528 calculus
2263 2488 2357 2529 m.¹

156 2538 447 2594 Copernici
470 2543 559 2585 m.¹
626 2555 667 2585 v.
688 2541 747 2585 42
772 2541 1003 2586 nostram
1024 2542 1268 2597 sequitur
1288 2544 1522 2598 primum
1543 2545 1686 2597 dedit
1706 2547 1817 2588 m.²:
1842 2556 1948 2588 om.
1972 2547 2086 2598 m.¹,
2114 2557 2236 2599 quae
2261 2557 2358 2600 pro

150 2599 232 2643 his
251 2600 428 2645 verbis
448 2611 610 2655 quam
625 2600 953 2656 Alphonsini
969 2602 1198 2658 praebuit
1266 2603 1407 2661 quae]
1428 2602 1589 2647 cuius
1608 2603 1937 2649 contrarium
1956 2604 2114 2658 prius
2135 2604 2359 2648 euenie-

152 2657 257 2712 bat,
284 2658 459 2703 nostra
486 2659 900 2706 ratiocinatione
928 2664 1018 2706 m.¹
1081 2677 1124 2706 v.
1144 2661 1308 2717 42—p.
1332 2662 1416 2707 184
1436 2677 1478 2706 ν.
1502 2663 1520 2706 1
1556 2662 1771 2707 Coelelti
1785 2695 1795 2705 .
1815 2695 1824 2706 .
1844 2697 1854 2707 .
1873 2663 1963 2721 eli]
1990 2662 2090 2718 ipsi
2110 2663 2358 2718 apprime

151 2717 519 2763 consentiente
539 2723 629 2764 m.¹

221 2791 264 2831 p.
289 2777 374 2822 184
392 2792 433 2822 v.
454 2779 483 2822 6
507 2779 763 2824 consueta
785 2783 874 2825 m.¹
926 2795 968 2824 v.
988 2782 1017 2825 8
1043 2792 1206 2836 quam
1226 2815 1236 2825 .
1256 2814 1265 2825 .
1286 2815 1296 2826 .
1314 2780 1389 2825 elt
1409 2793 1514 2826 om.
1537 2784 1626 2826 m.¹
1679 2795 1721 2824 v.
1736 2782 1764 2825 9
1786 2781 1953 2840 haud]
1973 2792 2082 2826 non
2102 2784 2192 2826 m.¹
2244 2796 2285 2825 v.
2304 2782 2352 2825 11

146 2846 380 2891 pronum
403 2837 494 2896 est]
510 2840 713 2893 poterit
730 2843 818 2884 m.¹
884 2840 950 2901 &J
970 2842 1135 2895 atque
1157 2841 1224 2884 ob
1244 2841 1302 2884 id
1320 2843 1409 2885 m.¹
1474 2855 1515 2884 v.
1540 2841 1594 2885 12
1614 2842 1786 2895 paulo
1802 2875 1812 2886 .
1832 2874 1842 2884 .
1863 2874 1873 2884 .
1889 2841 2066 2899 secus]
2086 2843 2183 2885 aut
2197 2841 2358 2885 secus

152 2895 313 2940 aliter
327 2899 417 2941 m.¹
477 2912 519 2942 v.
544 2898 599 2943 13
623 2899 889 2943 ceciderit
905 2912 1012 2945 om.
1036 2903 1125 2944 m.¹
1156 2937 1158 2939 .
1183 2902 1336 2958 certo
1357 2903 1445 2944 m.¹
1506 2914 1548 2944 v.
1572 2901 1626 2944 16
1657 2900 1938 2944 Coeleltem
1961 2912 2067 2944 om.
2090 2904 2179 2945 m.¹
2237 2915 2279 2944 v.
2299 2901 2358 2944 22

151 2960 271 3010 post
287 2957 586 3011 patuerunt
603 2959 724 3003 add.
746 2959 799 3004 in
819 2972 986 3016 marg.
1008 2960 1093 3003 De
1114 2959 1350 3015 Ecclipli
1368 2961 1542 3004 Lunae
1560 2959 1712 3003 Anni
1734 2960 1849 3003 1599
1866 2960 2006 3003 nihil
2025 2960 2161 3004 certi
2179 2961 2358 3015 quoad

153 3014 581 3061 observationem
609 3018 891 3062 Coelestem
918 3019 1242 3075 subJungere
1267 3019 1436 3072 licuit,
1465 3019 1723 3074 liquidem
1750 3022 2074 3074 competens
2092 3019 2358 3063 serenitas

59 3111 62 3115 .
151 3077 264 3127 m.²,
292 3077 386 3120 sed
408 3077 531 3128 ,haec
552 3079 718 3123 verba
744 3079 919 3123 deleta
943 3083 1066 3123 sunt
1126 3093 1168 3122 v.
1188 3079 1247 3123 29
1273 3079 1535 3123 diuisione
1564 3091 1670 3123 om.
1693 3081 1782 3123 m,¹
1863 3093 1905 3122 v.
1926 3079 1985 3122 34
2008 3078 2357 3130 inferioribus

99 3217 101 3219 ι
153 3193 374 3307 ᾴθιῗῙΙῃὸἃὸ
389 3198 574 3300 ἵξῃ-5
597 3255 1016 3311 Augustiffimus
1042 3269 1148 3301 om.
1172 3260 1262 3301 m.¹
1343 3272 1385 3300 v.
1406 3257 1434 3301 5
1461 3257 1626 3315 degit]
1651 3257 1897 3301 moratur
1918 3214 2006 3301 mj
2062 3287 2065 3290 >
2096 3271 2136 3299 v.
2157 3258 2185 3300 7
2211 3256 2266 3300 in
2284 3289 2294 3299 .
2314 3289 2323 3299 .
2344 3291 2353 3300 .

155 3322 322 3357 uerno
343 3325 448 3358 om.
472 3317 562 3359 m.¹
643 3316 810 3360 Horis
830 3317 899 3375 δὲ]
918 3320 943 3365 ἓ
960 3316 1146 3374 (unius
1167 3318 1287 3360 add.
1310 3319 1425 3369 m.²‚
1446 3318 1540 3360 sed
1561 3317 1770 3374 delevit)
1789 3316 1941 3360 horae
1963 3319 2051 3359 m.¹
2130 3330 2172 3359 v.
2196 3316 2251 3359 15
2276 3316 2357 3359 ni-

152 3370 325 3415 mium>
349 3376 439 3418 m.¹
519 3388 562 3418 v.
586 3375 641 3419 16
666 3375 819 3434 ratio]
846 3375 1104 3420 con-edtio
1130 3379 1219 3420 m.¹
1302 3390 1343 3419 v.
1368 3376 1422 3420 19
1448 3375 1630 3420 adhuc
1658 3388 1765 3420 om.
1791 3378 1880 3420 m.¹
1962 3390 2004 3419 v.
2025 3376 2083 3419 20
2107 3375 2355 3432 statuere]

151 3133 316 3178 rebus
337 3146 442 3179 om.
459 3138 548 3181 m.¹
602 3136 776 3196 Quod]
799 3137 919 3197 Quo
939 3141 1029 3182 m.¹
1050 3142 1109 3182 ut
1121 3139 1330 3182 videtur
1378 3153 1420 3182 v.
1434 3138 1613 3182 39—40
1627 3137 1931 3193 potissimus
1951 3140 2039 3182 m.¹
2091 3152 2133 3181 v.
2147 3138 2199 3181 41
2226 3139 2357 3181 duo-
