2730 4264
478 324 582 376 230
1156 322 1433 374 VARIAE
1459 322 1952 374 SCRIPTURAE

479 459 570 504 lim
578 460 696 503 ulac
703 459 943 503 Mundus
951 460 1238 512 permanet
1251 468 1421 511 usque
1433 458 1707 501 manentV
1743 467 1788 501 v.
1800 457 1858 501 32
1873 457 1968 508 lim
1981 459 2251 517 decorata]
2262 459 2402 508 cell'a
2409 462 2631 517 potense

480 528 583 571 que
602 518 648 560 V
707 529 751 561 v.
770 517 943 560 35—38
961 528 1057 571 pro
1077 517 1157 559 his
1175 517 1411 560 versibus
1430 516 1529 559 hos
1547 516 1750 570 praebet
1768 516 1835 559 D:

860 580 1072 633 Nempe
1093 580 1235 633 quod
1252 579 1308 621 in
1332 578 1485 621 terris
1503 578 1612 622 rari
1628 578 1765 623 mihi
1782 579 1978 623 dentur
1991 580 2241 634 honores,

931 637 994 681 Si
1011 637 1133 691 quis
1151 638 1301 680 amat
1315 636 1516 689 Mul'aS,
1536 636 1642 680 bas
1660 637 1917 681 adamare
1936 636 2081 681 [olet.

479 714 522 747 v.
541 703 597 746 38
616 702 799 759 castra]
822 700 953 744 tecta
973 701 1018 743 V
1077 712 1120 744 v.
1139 700 1196 744 39
1216 701 1445 758 quoque]
1465 700 1589 754 quia
1611 702 1656 744 D
1716 712 1760 745 v.
1779 701 1837 744 42
1858 700 1991 759 Quo]
2016 701 2146 745 Cum
2168 703 2228 745 V.

548 772 593 813 p.
618 760 675 802 67
699 771 742 803 v.
772 760 789 802 1
828 759 1057 815 tempus]
1082 758 1281 801 seclum
1309 759 1354 801 V
1423 769 1467 802 v.
1491 759 1520 802 3
1550 760 1764 803 etenem
1791 761 1849 803 E:
1877 760 2202 804 correximus
2270 772 2314 805 v.
2342 761 2390 805 11
2426 761 2630 819 rigidis]

478 817 674 872 gelidis
694 819 739 860 D
799 827 843 860 v.
866 817 919 859 12
937 820 1056 871 post
1073 817 1211 860 hunc
1232 829 1444 860 versum
1464 818 1582 861 add.
1603 817 1669 860 V:

928 880 1045 922 Nec
1063 879 1247 923 [altem
1265 880 1473 935 patriae,
1498 881 1591 924 toti
1607 880 1700 924 l'ed
1712 882 1980 935 panderet
1998 882 2125 934 orbi,

943 964 946 965 ν
1001 937 1267 995 Quicquid
1284 938 1339 981 in
1360 938 1588 982 abstruso
1606 938 1826 982 stellifer
1840 939 1964 983 axis
1984 939 2160 983 babet.

477 1014 521 1047 v.
539 1003 598 1046 20
616 1002 946 1056 Erronel'que
966 1002 1105 1045 alios
1124 1002 1364 1046 continet
1377 1002 1471 1046 illa
1490 1002 1614 1046 l'uos
1633 1003 1694 1055 V,
1716 1004 1803 1058 qui
1820 1007 1935 1046 tum
1955 1004 2096 1048 add.:

861 1066 993 1110 Haec
1014 1065 1162 1120 capit
1179 1066 1226 1110 ἃ
1244 1065 1441 1119 stellas,
1462 1065 1611 1120 capit
1624 1066 1745 1110 haec
1763 1066 1981 1120 secreta,
1999 1069 2232 1122 penates

929 1123 1202 1178 Indigetes
1220 1124 1456 1181 superos,
1477 1123 1646 1167 sidera
1670 1126 1727 1168 ut
1742 1126 1850 1168 alta
1869 1126 2073 1179 gerunt.

477 1200 520 1233 v.
539 1188 597 1231 22
624 1188 855 1234 Orbibus
880 1188 1144 1231 ambobus
1166 1189 1347 1232 vultus
1373 1188 1422 1232 ἃ
1450 1199 1589 1233 unus
1614 1188 1747 1232 inest
1766 1189 1812 1232 V
1870 1199 1915 1233 v.
1933 1189 1991 1233 23
2016 1190 2264 1243 quaedam
2291 1202 2356 1233 ex
2381 1189 2632 1233 manibus

478 1259 612 1291 corr.
635 1247 702 1290 D:
724 1246 976 1290 manibus
995 1247 1041 1289 V
1120 1245 1382 1304 videntur]
1397 1246 1683 1301 patescunt
1698 1247 1743 1289 V
1800 1258 1843 1291 v.
1857 1247 1914 1290 24
1932 1247 2035 1290 His
2053 1247 2183 1290 licet
2200 1247 2426 1301 ignifero
2448 1247 2532 1291 vis
2550 1258 2633 1290 re-

476 1305 699 1349 seranda
728 1305 846 1347 Deo
872 1305 919 1348 V
991 1315 1035 1348 v.
1059 1304 1117 1347 27
1145 1304 1440 1348 Vestalibus
1468 1306 1594 1359 apta
1618 1304 1822 1359 puellis
1849 1305 1896 1348 V
1969 1316 2012 1348 v.
2037 1305 2095 1349 28
2127 1305 2311 1359 Sacra,
2343 1306 2485 1360 quod
2512 1305 2632 1351 haec

476 1363 642 1407 sacris
668 1362 768 1406 [int
790 1362 988 1406 sociata
1017 1362 1158 1406 meis
1186 1363 1232 1406 V
1308 1374 1352 1407 v.
1377 1363 1434 1407 30
1463 1363 1581 1406 Nec
1610 1362 1736 1406 coeli
1761 1365 1857 1406 aut
1883 1365 2036 1407 terrae
2063 1364 2109 1407 V
2187 1374 2233 1407 v.
2257 1363 2315 1407 37
2346 1374 2560 1419 quaeras
2586 1364 2633 1407 V

476 1433 519 1466 v.
539 1421 700 1474 39—p.
719 1421 776 1465 68
794 1432 838 1465 v.
858 1421 886 1464 6
906 1432 1010 1464 om.
1033 1422 1079 1464 D
1140 1432 1183 1465 v.
1202 1421 1259 1464 42
1280 1421 1590 1479 Stellarum]
1608 1421 1879 1465 Al'trorum
1899 1422 1960 1465 V.

546 1490 591 1533 p.
604 1480 661 1523 68
679 1479 762 1523 v.2
783 1479 954 1536 vobis]
971 1479 1125 1522 terris
1138 1480 1184 1522 V
1237 1490 1281 1523 v.
1294 1479 1322 1523 3
1342 1479 1534 1537 dirum]
1547 1479 1762 1523 rutilum
1779 1479 1823 1523 V
1870 1490 1915 1523 v.
1928 1480 1956 1523 7
1973 1479 2170 1523 Annus
2184 1479 2329 1523 adest
2342 1479 2467 1535 aliJ's
2479 1490 2634 1523 reuo-

476 1538 605 1582 lutis
618 1537 835 1581 orbibus
849 1539 895 1581 D
935 1548 979 1582 v.
992 1537 1020 1581 8
1044 1537 1291 1581 Christus
1305 1538 1373 1581 ab
1385 1537 1594 1592 integra
1603 1537 1873 1592 VirgineV
1932 1542 2051 1593 post
2063 1539 2201 1582 hunc
2215 1550 2427 1582 versum
2442 1538 2629 1582 add.V:

897 1601 1091 1646 Omnia
1112 1602 1255 1656 quod
1275 1601 1406 1645 vasti
1422 1601 1638 1656 superat
1653 1602 1914 1646 miracula
1934 1602 2135 1655 mundi,

963 1659 1066 1703 Hic
1083 1659 1362 1703 bominum
1381 1659 1581 1713 sensus,
1604 1659 1963 1714 Angelicique
1981 1660 2203 1715 stupent.

475 1735 519 1768 v.
542 1724 596 1768 10
614 1723 868 1778 Aptando
881 1723 1132 1779 proprios
1151 1724 1223 1768 ad
1239 1724 1332 1768 l'ua
1351 1724 1497 1778 ligna
1519 1724 1640 1767 dies
1657 1725 1704 1768 V
1766 1736 1810 1768 v.
1833 1724 1887 1768 12
1904 1724 2165 1779 Altraque
2183 1724 2276 1768 l'ub
2299 1726 2468 1768 terras
2486 1722 2633 1778 lapl'a

479 1783 567 1825 vel
595 1785 708 1826 orta
736 1783 862 1826 nota
891 1783 936 1825 V
995 1794 1038 1826 v.
1067 1781 1121 1826 13
1149 1781 1294 1840 quid]
1323 1793 1444 1837 quae
1472 1783 1518 1826 D
1581 1793 1626 1827 ν.
1654 1783 1708 1826 16
1736 1782 1984 1826 Nubibus
2011 1784 2107 1826 aut
2126 1782 2332 1838 pluuiae
2358 1783 2633 1837 grandove

480 1840 644 1883 nixve
663 1841 864 1884 cadent
878 1841 939 1893 V,
961 1841 1179 1895 quitum
1199 1842 1318 1884 add.
1334 1854 1344 1883 :

935 1904 1034 1948 Vel
1054 1904 1246 1948 tonitru
1269 1905 1317 1949 8(
1334 1904 1540 1948 fulmen
1563 1904 1791 1948 vibrabit
1797 1905 2049 1960 Juppiter
2063 1906 2172 1949 alto

1000 1963 1071 2007 Et
1087 1973 1208 2017 quae
1223 1964 1381 2017 plura
1396 1963 1514 2018 poli
1534 1962 1619 2006 vis
1637 1962 1828 2007 iterata
1843 1962 1999 2018 parit.

476 2037 519 2071 v.
548 2027 601 2070 18
629 2025 800 2070 nostra
823 2026 1046 2081 penitus
1073 2028 1119 2070 V
1187 2038 1231 2071 v.
1255 2027 1314 2070 20
1336 2026 1654 2082 perficiatur
1676 2027 1722 2070 V
1789 2038 1834 2071 v.
1858 2027 1916 2070 22
1943 2038 2046 2074 nec
2074 2026 2269 2084 adhuc]
2298 2023 2533 2071 nondum
2564 2027 2632 2072 D:

477 2085 708 2129 necdum
730 2085 775 2127 V
863 2084 1019 2142 l'cies]
1038 2085 1186 2135 seres
1204 2086 1250 2128 V
1303 2097 1347 2129 v.
1367 2085 1424 2129 23
1441 2085 1655 2143 Iuaues]
1678 2085 1890 2129 validos
1909 2086 1955 2128 V
2009 2096 2053 2129 v.
2071 2085 2130 2129 26
2148 2083 2418 2139 Pemetua
2436 2094 2633 2130 nomen

477 2143 785 2187 Posteritate
814 2142 959 2186 feres
988 2145 1033 2186 V
1098 2155 1142 2188 v.
1167 2143 1224 2188 28
1252 2143 1502 2197 Finierat,
1533 2154 1746 2187 mecum
1776 2155 1884 2188 non
1909 2142 2195 2198 pudefacta
2222 2143 2371 2197 loqu-i
2397 2144 2443 2186 D
2508 2153 2553 2187 v.
2577 2142 2629 2187 31

478 2202 619 2258 esset]
634 2201 849 2244 fueritV
920 2201 1084 2245 iuBus
1098 2203 1160 2254 D,
1175 2204 1269 2246 sed
1283 2203 1509 2247 correxit
1561 2213 1606 2246 v.
1618 2202 1675 2245 36
1695 2202 1935 2259 meliora]
1946 2201 2153 2256 potiora
2168 2202 2212 2244 V
2261 2212 2305 2245 v.
2318 2201 2375 2245 37
2393 2200 2634 2258 meliora]

472 2260 682 2314 potiora
702 2260 747 2303 V
836 2259 1062 2303 inertum
1084 2261 1131 2304 V
1189 2272 1234 2304 v.
1252 2261 1310 2305 39
1329 2260 1472 2318 alijs]
1493 2260 1678 2303 multis
1697 2261 1742 2304 V
1801 2272 1845 2304 v.
1864 2260 1922 2305 42
1940 2259 2107 2317 laudi]
2125 2259 2394 2315 splendori
2409 2259 2470 2303 V.

546 2329 592 2371 p.
610 2318 667 2361 69
686 2329 730 2362 ν.
749 2318 777 2362 5
795 2317 1078 2362 Delectent
1091 2320 1144 2363 in
1164 2319 1487 2363 Exhilarent
1503 2331 1566 2362 ac
1586 2322 1770 2374 postea
1782 2319 1834 2362 in
1852 2317 2115 2362 Afflciant
2130 2330 2265 2362 corr.
2281 2318 2327 2361 V
2414 2317 2634 2362 Bacche

479 2378 534 2420 E:
563 2377 887 2421 correximus
907 2389 936 2421 e
956 2378 1002 2419 D
1022 2381 1073 2421 et
1091 2378 1137 2420 V
1202 2389 1246 2421 v.
1265 2378 1294 2421 7
1318 2377 1573 2434 amentet]
1599 2376 1770 2421 irritet
1791 2378 1836 2420 D
1903 2388 1947 2421 v.
1970 2377 2024 2420 13
2049 2375 2323 2431 egregium
2350 2376 2440 2419 est
2460 2374 2636 2429 agiles

477 2447 543 2479 ex
562 2434 798 2478 arrideat
815 2435 1027 2479 validos
1047 2448 1181 2480 corr.
1205 2437 1250 2478 D
1311 2446 1355 2479 v.
1378 2436 1432 2479 15
1456 2435 1617 2479 modo
1630 2436 1789 2489 plura
1808 2435 2065 2489 supersint
2086 2435 2131 2478 V
2190 2446 2234 2479 v.
2253 2434 2311 2478 20
2336 2434 2634 2491 excellens]

478 2493 751 2547 egregium
767 2493 813 2536 V
861 2504 905 2537 v.
924 2493 981 2536 27
1000 2493 1271 2552 antiquus]
1285 2493 1500 2537 illustris
1519 2494 1565 2536 V
1613 2504 1657 2537 v.
1676 2493 1734 2537 32
1752 2493 2052 2551 excellens]
2067 2491 2320 2547 egregius
2332 2493 2385 2536 in
2398 2491 2636 2536 eximius

478 2563 612 2595 corr.
629 2552 673 2594 V
734 2562 777 2595 v.
796 2551 853 2595 39
877 2551 995 2595 Hoc
1019 2552 1294 2596 bominem
1323 2553 1494 2605 decet,
1524 2551 1573 2595 ἃ
1600 2551 1749 2595 venit
1769 2551 1897 2595 binc
1922 2562 1989 2595 ea
2012 2551 2101 2595 dia
2127 2551 2377 2605 voluptas
2398 2551 2443 2593 V
2531 2550 2635 2594 Dia

477 2611 535 2653 E:
563 2610 888 2654 correximus
913 2622 942 2654 e
968 2612 1014 2653 D
1080 2621 1124 2654 v.
1143 2610 1201 2654 40
1229 2609 1362 2668 Quae
1386 2610 1499 2654 fere
1525 2610 1787 2654 coelicolis
1811 2620 1914 2653 nos
1938 2609 2071 2653 facit
2093 2609 2198 2653 eBe
2218 2619 2386 2663 pares
2411 2608 2456 2651 V
2515 2618 2560 2651 v.
2578 2606 2636 2651 42

479 2667 797 2723 Syderaque
835 2668 1163 2723 AEtberaque
1184 2670 1246 2712 D.

546 2737 592 2779 p.
616 2726 674 2794 79
697 2726 790 2827 1471
851 2727 1085 2784 videant]
1113 2728 1339 2770 cernant
1360 2727 1406 2770 V
1470 2738 1514 2770 v.
1545 2727 1598 2770 17
1622 2726 1735 2770 illis
1761 2727 1823 2778 D,
1850 2727 1944 2770 sed
1970 2726 2197 2770 correxit
2262 2736 2306 2768 v.
2330 2724 2388 2768 22
2412 2724 2635 2782 superis]

477 2794 692 2838 magnis
761 2818 771 2829 .

547 2853 593 2895 p.
613 2843 663 2886 71
687 2853 731 2887 ν.
750 2843 779 2886 4
803 2843 1059 2898 Tbycone
1081 2845 1137 2888 E:
1160 2844 1502 2888 correximus,

547 2912 592 2954 p.
611 2901 668 2944 72
686 2912 730 2945 ν.
756 2901 808 2945 13
828 2902 1099 2946 omisimus
1117 2903 1343 2947 indicem
1363 2905 1676 2953 erratorum,
1698 2913 1856 2956 quem
1875 2902 1959 2945 hic
1979 2901 2180 2956 praebet
2199 2901 2256 2943 E:

1390 3006 1605 3050 ERRA
1620 3006 1724 3050 TA.

546 3075 596 3118 A
618 3075 647 3118 3
664 3074 805 3119 facie
822 3077 854 3119 2
873 3076 1025 3120 verl'u
1045 3076 1075 3120 3
1091 3077 1229 3130 lege,
1255 3077 1414 3121 tanta.
1435 3075 1639 3120 Ibidem
1665 3075 1815 3119 verl'u
1840 3076 1896 3118 17
1910 3076 2049 3130 lege,
2071 3085 2191 3129 qua.

546 3133 596 3180 Β
619 3134 639 3176 l
660 3132 801 3177 facie
818 3135 850 3178 2
866 3135 926 3178 ln
941 3134 1052 3189 ipl'a
1066 3134 1253 3188 figura,
1273 3133 1699 3192 Quadrilateram
1715 3133 1959 3187 formam,
1975 3144 2134 3188 quam
2150 3142 2292 3176 noua
2308 3130 2494 3184 Stella,
2512 3141 2635 3175 cum

481 3190 649 3238 tribus
677 3191 988 3246 Cassiopeiae
1016 3191 1165 3236 GBD
1189 3193 1403 3246 notatiS‚
1435 3191 1615 3245 efficit,
1642 3193 1772 3247 plus
1796 3202 1953 3246 aequo
1976 3191 2236 3236 lateribus
2260 3189 2335 3234 lD
2355 3189 2403 3233 ἂν
2425 3189 2523 3234 GB
2547 3189 2638 3233 ob-

479 3249 694 3303 longam
722 3249 977 3305 sculptor
996 3251 1271 3305 expreBit;
1300 3262 1443 3295 noua
1470 3250 1642 3295 Stella
1667 3251 1839 3295 Paulo
1866 3249 2004 3294 infra
2032 3249 2241 3293 literam
2269 3248 2335 3300 H,
2370 3247 2636 3303 Suprema

481 3317 610 3351 vero
629 3308 901 3353 cathedrae
920 3308 1058 3352 infra
1078 3308 1287 3353 literam
1305 3308 1362 3354 G
1381 3309 1571 3352 merito
1589 3309 1835 3353 locanda.
