2730 4264
429 345 532 397 208
1304 342 1711 394 CARMINA

430 482 503 526 [Ex
522 481 716 526 excerptis
738 479 1065 525 Langebekianis
1087 478 1405 526 Hauniensibus
1425 489 1491 514 no.
1516 478 1596 522 179]

599 566 918 627 TYCHO
948 565 1258 624 BRAHE
1287 557 1550 623 LUSIT
1579 565 1801 624 HAEC
1830 565 2041 625 CUM
2070 565 2410 625 SOPHIA

678 655 975 708 SORORE
1002 654 1156 705 SUA
1182 653 1266 703 IN
1292 653 1604 705 PRAEDIO
1630 654 1981 705 ANDREAE
2007 654 2331 706 SCHELII.

769 747 940 799 UNO
962 746 1197 809 quidem
1216 760 1389 810 gazas
1408 753 1581 805 amat,
1602 753 1660 797 at
1679 762 1801 798 non
1819 747 2028 810 spernit
2048 762 2326 808 amorem,

803 816 1067 879 Calliope
1088 822 1289 866 cantus
1309 816 1668 867 modulando
1689 815 1915 869 affedtat
1934 833 2212 876 amorem,
2630 835 2652 869 5

706 887 927 938 Uranie
948 885 1162 937 coelum
1182 885 1498 948 adspiciens
1517 886 1826 937 meditatur
1845 901 2122 938 amorem.

707 956 929 1007 Unicus
947 955 1055 1006 has
1074 961 1267 1006 ternas
1288 955 1444 1018 quod
1464 955 1650 1006 Amor
1669 955 1740 1006 fic
1759 959 1989 1007 vincere
2010 957 2195 1008 Divas

705 1025 987 1076 Parvulus
1007 1027 1265 1088 ingentes
1284 1028 1506 1088 poterit,
1528 1027 1657 1088 quis
1678 1025 1929 1077 crederet
1949 1025 2248 1090 unquam?

705 1094 1098 1146 Succumbunt
1116 1094 1310 1154 Divae;
1331 1094 1604 1146 mortales
1625 1096 1806 1146 cedite
1826 1097 2049 1147 Amori.

798 1231 963 1274 ERICI
991 1231 1215 1274 LANGE
1242 1231 1509 1274 NOMINE
1534 1231 1766 1274 SORORI
1793 1231 2058 1274 SOPHIAE
2084 1232 2136 1275 T.
2160 1233 2211 1275 B.
2636 1240 2677 1275 10

705 1304 880 1355 Hanc
898 1310 1032 1355 tuus
1052 1304 1253 1355 Ericus
1272 1304 1389 1364 tibi,
1411 1303 1589 1355 chara
1609 1304 1843 1367 Sophia,
1864 1304 2104 1356 salutem

775 1374 970 1434 Mittit,
992 1380 1046 1425 et
1066 1389 1102 1424 o
1121 1374 1296 1425 semet
1314 1377 1538 1425 mittere
1558 1375 1704 1438 posse
1725 1374 1940 1425 datum.

706 1444 938 1495 Mittere
959 1459 1093 1495 cum
1112 1451 1364 1507 nequeat
1385 1459 1609 1507 corpuS,
1630 1443 1881 1507 suspirat,
1903 1443 2155 1504 anhelat,

775 1514 867 1565 Sic
887 1516 1119 1566 animus
1139 1516 1375 1578 proprio
1396 1529 1636 1577 corpore
1656 1513 1877 1577 semper
1896 1514 2062 1565 abest.

706 1583 945 1647 Semper
964 1583 1114 1636 abest
1133 1587 1382 1644 animuS,
1404 1584 1560 1647 quod
1581 1599 1734 1643 amo,
1756 1584 1913 1647 quod
1934 1598 2174 1648 corpore
2195 1583 2388 1635 alieno
2638 1600 2680 1634 15

774 1654 941 1713 Vivo,
963 1653 1035 1705 fic
1055 1654 1194 1718 quid
1213 1654 1282 1705 fit*
1293 1657 1505 1713 vivere,
1527 1654 1700 1705 nescit
1719 1669 1901 1705 amor.

706 1724 881 1775 Nunc
900 1730 1104 1775 ventos
1125 1723 1314 1788 culp0‚
1335 1740 1492 1775 nunc
1510 1724 1643 1775 vela
1663 1730 1717 1775 et
1735 1723 1974 1775 transtra
1992 1730 2274 1787 tuumque

776 1794 935 1846 Hinc
955 1795 1194 1855 abitum,
1215 1794 1488 1858 quodque
1508 1794 1697 1845 littera
1716 1794 1880 1845 nulla
1899 1794 2059 1845 redit.

429 2002 478 2047 [Ε
499 2002 641 2039 codice
659 2001 976 2038 Vindobonensi
995 2002 1062 2038 lat.
1087 2001 1256 2045 1068649]

864 2090 995 2148 AD
1026 2088 1547 2148 MARTINUM
1577 2088 2150 2148 BRASCHIUM.
2637 2111 2682 2146 20

926 2188 1011 2224 Post
1030 2198 1197 2224 carmen
1219 2187 1387 2236 Martini
1407 2188 1584 2224 Braschii
1605 2189 1658 2224 ad
1676 2189 1918 2233 Tychonem
1939 2188 2093 2223 datum.

429 2270 559 2313 Cum
578 2269 681 2313 hoc
703 2281 919 2313 carmen
937 2281 1031 2323 per
1050 2269 1344 2312 Studiorum
1367 2269 1630 2322 quendam
1654 2269 1781 2311 mihi
1804 2272 1988 2311 notum
2007 2269 2162 2311 Poeta
2187 2268 2270 2311 ille
2296 2267 2511 2318 mifisset,
2539 2269 2589 2310 et
2631 2267 2688 2310 9v

488 2339 582 2383 ego
602 2339 695 2382 per
714 2329 940 2371 eundem
959 2327 1169 2370 rescribi
1183 2327 1434 2382 jussissem,
1460 2328 1730 2378 chartulae,
1755 2327 1839 2370 cui
1860 2338 2049 2370 aureos
2069 2326 2266 2380 aliquot
2285 2336 2532 2369 nummos

636 2386 957 2442 gratitudinis
977 2397 1099 2441 ergo
1118 2386 1470 2437 involvebam‚
1491 2386 1683 2429 eisdem
1702 2385 1860 2428 literis
1879 2385 2149 2439 impositae,
2172 2385 2387 2438 sequens

1033 2444 1365 2499 Epigramma
1385 2455 1506 2486 mea
1527 2456 1689 2487 manu
1709 2444 1986 2497 subscripsi.
2638 2449 2683 2484 2⁵

894 2540 1023 2592 AEC
1043 2541 1388 2605 Aganippea
1406 2555 1512 2603 pro
1531 2542 1685 2591 vena
1702 2554 1951 2590 munera
1969 2554 2138 2590 venae

965 2610 1271 2671 Auriferae,
1293 2609 1541 2670 Braschi,
1564 2609 1794 2661 consule
1814 2610 1970 2661 missa
1988 2609 2144 2660 boni.

744 2680 999 2743 Quando
1019 2680 1236 2732 talenta
1254 2687 1459 2744 potens
1478 2681 1627 2730 Auri
1646 2679 1794 2743 lapis
1814 2679 1909 2730 ille
1931 2678 2279 2742 Sophorum,

814 2750 1009 2814 Quem
1027 2750 1288 2815 spondeS,
1309 2750 1528 2802 dederit
1546 2750 1814 2813 plurima,
1835 2749 2004 2813 plura
2023 2748 2185 2800 fereS.

433 2947 482 2992 [E
504 2947 646 2984 codice
664 2946 982 2983 vindobonensi
1001 2948 1069 2983 lat.
1093 2946 1260 2991 1068649]
2639 2943 2685 2979 30

1042 3034 1173 3093 AD
1203 3033 1593 3093 DANIAM
1623 3033 1977 3093 ELEGIA.

851 3136 1052 3186 ΑΝΙΑ
1072 3135 1211 3199 quid
1231 3138 1434 3194 merui,
1456 3151 1573 3198 quo
1593 3141 1648 3186 te
1667 3150 1801 3186 mea
1817 3134 2011 3185 Patria
2029 3132 2161 3192 laefi,

921 3205 1116 3269 Usque
1136 3206 1285 3257 adeo
1305 3212 1367 3256 ut
1386 3205 1557 3256 rebus
1577 3204 1645 3255 fis
1665 3207 1860 3255 minus
1881 3218 2054 3267 aequa
2072 3201 2253 3253 meis?

713 3274 935 3327 Scilicet
955 3275 1098 3326 illud
1119 3281 1255 3335 erat,
1276 3276 1377 3326 tibi
1398 3290 1515 3339 quo
1536 3275 1781 3326 nocuisse
1801 3273 2131 3337 reprendar,

783 3344 959 3407 Quod
979 3348 1171 3396 maius
1189 3360 1292 3408 per
1309 3360 1404 3396 me
1424 3360 1644 3396 nomen
1663 3347 1724 3395 in
1746 3344 1901 3396 Orbe
1921 3346 2089 3408 geris:
2462 3411 2536 3462 D·
2641 3357 2686 3391 35

2521 3426 2590 3471 ic,

2638 3047 2656 3089 §.fl

2669 3056 2685 3074 ις
