2730 4264
383 298 484 348 244
1060 295 1338 348 VARIAE
1363 295 1858 347 SCRIPTURAE
1937 288 1939 291 ¹

383 432 628 487 cipaliori
659 433 923 476 curriculo
957 430 1338 475 admonitionis
1369 429 1527 473 causa
1558 429 1648 473 bic
1680 430 2059 474 annotabimus
2091 431 2214 474 boni
2246 432 2535 486 consulant,

383 501 558 544 neque
579 490 740 543 enim,
761 491 921 534 modo
934 490 1004 544 ijs
1017 488 1156 532 redie
1173 488 1249 531 vti
1259 488 1520 541 nouerint,
1536 499 1729 542 parum
1746 488 1856 531 illis
1871 488 2182 543 profuerint,
2203 489 2297 533 sed
2311 491 2535 534 multum

382 549 437 591 in
467 548 620 592 Luna
649 549 826 602 quoad
854 547 1235 602 principaliora
1263 547 1383 589 loca
1413 546 1484 589 ad
1511 545 1741 589 coeleltis
1771 546 1998 590 tramitis
2026 547 2354 600 exigentiam
2384 559 2538 592 reuo-

383 607 558 650 canda
578 607 634 649 et
648 606 967 649 restituenda
986 604 1199 658 subsidij
1214 603 1463 647 adserunt
1479 606 1579 648 etc.

452 664 696 707 Indicare
720 663 903 718 postea
932 662 1168 705 breuiter
1191 662 1371 705 omnia
1400 661 1544 705 circa
1571 662 1796 715 Lunam,
1829 673 1949 716 quae
1976 663 2217 706 maxime
2245 663 2537 708 neceBaria

386 722 635 764 videntur
655 723 710 764 et
727 720 1101 775 principaliter
1121 719 1463 773 requiruntur
1485 720 1540 763 in
1564 721 1860 775 praecipuis
1890 720 2147 774 terminis,
2180 721 2341 775 idque
2369 721 2534 765 solum

382 780 436 823 in
450 779 706 834 gradibus
720 777 1042 832 etminutijs,
1065 788 1130 820 eo
1150 778 1292 831 quod
1307 776 1566 821 summam
1583 778 1951 833 praecilionem
1975 778 2104 822 alibi
2116 779 2302 833 potius
2322 780 2538 823 enucle-

383 838 578 881 andam
598 837 687 880 hic
707 847 813 879 non
834 846 1103 889 exponam
1126 837 1225 879 etc.

450 896 581 938 Item
604 895 746 948 quod
764 905 836 936 ex
855 891 944 936 his
963 893 1205 936 numeris
1225 894 1369 937 circa
1390 893 1775 948 longitudinem
1798 895 1852 937 et
1867 894 2204 938 latitudinem
2229 901 2275 947 (ζ,
2297 895 2537 938 adbibita

384 953 560 996 tabula
575 963 786 1006 quoque
795 951 1137 1005 paralaxium
1154 951 1462 1006 aRignanda
1477 954 1608 994 etea
1620 953 1676 995 in
1688 953 1818 996 Sole
1827 963 1932 1006 per
1944 953 2237 1007 triangulos
2250 954 2305 996 in
2318 954 2535 1007 longum

381 1012 438 1053 et
456 1011 622 1053 latum
652 1008 891 1062 deducta,
914 1010 1126 1063 possunt
1148 1009 1310 1053 etiam
1335 1010 1579 1064 Eclipses
1602 1012 1706 1053 tam
1730 1010 1952 1054 Solares
1975 1022 2133 1065 quam
2156 1011 2403 1054 Lunares
2428 1013 2538 1054 cal-

380 1068 564 1120 culari,
594 1068 756 1122 idque
784 1069 873 1110 vel
893 1067 1051 1122 Juxta
1080 1067 1319 1111 rationes
1344 1079 1375 1111 a
1406 1067 1702 1123 Copernico
1729 1068 1965 1111 breuiter
1983 1068 2076 1112 sed
2101 1069 2374 1112 obscurius
2401 1068 2539 1113 indi-

379 1128 547 1178 catas,
572 1127 660 1168 vel
679 1137 751 1168 ex
769 1125 840 1180 ijs
861 1136 982 1180 quae
1001 1125 1282 1169 Milicbius
1300 1126 1355 1169 in
1376 1126 1781 1181 commentarijs
1800 1127 1871 1169 ad
1888 1125 2178 1170 secundum
2201 1127 2366 1181 Plinij
2388 1127 2539 1171 addi-

380 1183 469 1237 dit,
497 1186 592 1227 aut
614 1183 775 1227 etiam
804 1195 877 1226 ex
901 1184 1173 1228 neoterica
1200 1183 1473 1228 doctisiimi
1497 1183 1645 1227 illius
1670 1183 1879 1238 Magini
1899 1184 2021 1228 Itali
2044 1185 2098 1227 in
2124 1184 2235 1228 suis
2260 1185 2537 1229 Theoricis

382 1242 676 1294 traditione,
698 1253 819 1295 quae
833 1241 1105 1296 prioribus
1123 1242 1353 1286 consona
1374 1242 1460 1285 est.

449 1299 568 1343 Post
599 1306 627 1351 (ζ
661 1300 1019 1355 appendicem
1053 1300 1215 1343 debet
1242 1299 1392 1354 sequi
1420 1300 1770 1344 consideratio
1806 1300 1937 1343 anni
1956 1300 2162 1356 Juliani
2197 1301 2410 1345 nouiter
2438 1312 2543 1356 per

382 1357 696 1412 Gregorium
732 1358 862 1401 XIII
890 1358 1203 1413 pontificem
1237 1359 1540 1402 Romanum
1575 1357 1816 1412 castigati
1845 1369 2009 1413 opera
2042 1358 2190 1414 Lillij
2219 1361 2336 1412 etc.,
2374 1359 2536 1414 idque

377 1416 546 1459 statim
569 1416 623 1459 in
643 1415 752 1459 fine
772 1418 898 1459 ante
913 1416 1238 1471 principium
1260 1416 1457 1471 capitis
1476 1416 1709 1460 secundi.

443 1474 623 1517 Vtrum
646 1474 826 1529 aliqua
846 1475 1130 1518 neceBitas
1149 1475 1412 1518 incumbit
1426 1474 1736 1519 Christianis
1752 1476 1856 1518 tam
1875 1474 2041 1518 stricte
2057 1474 2223 1518 Pasca
2239 1474 2534 1527 obseruare,

377 1534 518 1576 etan
538 1543 645 1575 non
664 1532 886 1576 libertas
906 1543 1107 1586 eorum,
1130 1544 1234 1588 qua
1254 1532 1347 1576 sub
1365 1532 1625 1587 spirituali
1639 1533 1761 1586 vita,
1784 1543 1890 1576 non
1904 1532 1996 1576 sub
2009 1534 2132 1587 lege
2146 1535 2202 1576 et
2212 1533 2537 1588 ceremonijs

377 1591 655 1634 ambulare
675 1593 732 1634 et
749 1591 934 1634 viuere
955 1591 1188 1644 deberet,
1216 1591 1288 1646 ijs
1312 1592 1417 1635 hac
1439 1592 1494 1635 in
1508 1593 1672 1646 parte
1691 1591 1964 1645 arbitrium
1987 1602 2088 1645 pro
2106 1591 2258 1634 libitu
2277 1591 2539 1635 statuendi

376 1649 642 1703 relinquit,
671 1651 727 1692 et
747 1649 976 1704 probare
997 1661 1069 1693 ex
1088 1649 1317 1693 Eusebio
1337 1651 1497 1704 atque
1519 1649 1806 1693 veteribus.
1838 1648 1992 1707 Quod
2009 1649 2050 1692 [ι’
2067 1649 2152 1702 sic,
2177 1649 2395 1704 praeltat
2414 1660 2538 1693 meo

370 1707 576 1762 Judicio
598 1718 757 1751 veros
782 1709 962 1751 motus
985 1708 1331 1751 luminarium
1358 1707 1507 1762 sequi
1535 1707 1633 1762 ipsi
1656 1709 1793 1751 coelo
1818 1718 2086 1761 congruos
2105 1709 2163 1751 et
2179 1707 2358 1751 omnia
2378 1707 2534 1763 Juxta

375 1765 662 1809 institutum
685 1767 742 1809 et
752 1765 987 1820 primum
1002 1766 1169 1809 Pasca
1189 1765 1618 1819 Christianorum,
1641 1777 1745 1820 quo
1763 1765 1998 1810 Christus
2019 1766 2231 1810 oblatus
2250 1765 2337 1818 est,
2359 1766 2536 1820 adque

376 1823 723 1867 Horizontem
756 1824 903 1867 vrbis
921 1824 1399 1879 jerosolymitanae,
1432 1824 1523 1867 vbi
1547 1825 1669 1869 baec
1694 1823 1911 1877 fiebant,
1940 1825 2216 1867 reducere.
2249 1823 2541 1878 Oportebat

377 1884 556 1925 autem
590 1882 749 1926 ambo
778 1882 1065 1926 luminaria
1097 1882 1201 1926 el3e
1232 1882 1376 1926 circa
1406 1883 1752 1927 medietatem
1785 1882 1923 1926 intra
1955 1884 2116 1936 polos
2147 1882 2336 1926 mundi
2365 1893 2536 1937 prope

376 1942 720 1994 aequatorem,
748 1952 814 1984 eo
840 1941 982 1995 quod
1005 1940 1241 1984 Christus
1259 1941 1561 1995 negotiator
1581 1942 1638 1983 et
1658 1941 2035 1984 reconciliator
2048 1940 2155 1983 Dei
2172 1941 2228 1984 et
2243 1940 2534 1984 Hominum

379 2001 502 2042 tunc
516 1998 881 2042 immolandus
895 1998 1319 2053 exaltandusque
1333 1999 1474 2042 eBet.
1490 1999 1722 2053 Egregia
1733 1998 1859 2042 sane
1867 1998 2218 2042 Astronomiae
2229 2009 2351 2042 cum
2367 1998 2538 2042 Theo-

375 2056 519 2110 logia
539 2056 934 2101 concordantia.
962 2064 1005 2108 Θ
1031 2056 1106 2100 est
1126 2059 1288 2112 typus
1311 2057 1512 2111 Christi,
1540 2063 1568 2109 (ζ
1592 2056 1848 2101 Eccleliae
1866 2057 1989 2100 suae.

445 2114 621 2158 Potest
650 2115 779 2159 addi
807 2115 984 2159 noster
1014 2115 1197 2159 Canon
1229 2115 1550 2170 aequationis
1581 2116 1806 2158 dierum.
1839 2115 1970 2158 Item
2008 2114 2191 2159 Canon
2226 2114 2537 2158 verificatus

376 2173 694 2217 differentiae
725 2173 1141 2217 meridianorum
1175 2174 1246 2217 ad
1278 2173 1461 2218 Solem
1495 2175 1553 2217 et
1582 2180 1610 2225 (ζ
1640 2174 1845 2216 relatus
1876 2184 1997 2216 cum
2031 2172 2122 2216 sua
2154 2173 2534 2227 explicatione.

376 2231 552 2275 Potest
578 2231 739 2275 etiam
776 2231 960 2276 Canon
989 2232 1119 2276 addi
1144 2233 1292 2275 ortus
1311 2233 1377 2287 ,et
1402 2231 1625 2275 occasus
1654 2231 1802 2276 Solis
1829 2231 1884 2274 in
1914 2230 2137 2274 diuersis
2166 2231 2320 2282 locis,
2353 2231 2536 2275 habita

375 2289 582 2333 ratione
602 2289 933 2333 retractionis
953 2291 1010 2333 et
1020 2291 1366 2343 paralaxeos.

446 2348 663 2391 PoBunt
684 2349 846 2391 etiam
874 2348 1055 2402 aliqua
1076 2359 1256 2403 pauca
1277 2349 1345 2391 de
1371 2354 1399 2400 (ζ
1423 2347 1622 2401 inferri,
1649 2359 1771 2402 quae
1790 2347 2084 2402 praesertim
2111 2347 2319 2391 faciunt
2334 2347 2406 2391 ad
2423 2358 2537 2391 mo-

379 2407 485 2449 tum
519 2406 642 2449 eius
673 2406 816 2450 circa
848 2406 1125 2450 nouilunia
1157 2408 1214 2450 et
1235 2406 1538 2461 plenilunia
1569 2406 1965 2458 restituendum,
2007 2407 2114 2449 tum
2149 2416 2360 2460 quoque
2391 2404 2536 2449 circa

376 2465 747 2518 quadraturas,
774 2464 814 2508 li
836 2464 956 2508 fieri
974 2464 1160 2519 potest,
1186 2464 1348 2520 idque
1366 2465 1551 2508 saltem
1580 2465 1824 2519 generali
1844 2464 2019 2517 modo,
2048 2465 2303 2518 quantum
2326 2464 2536 2511 calculo

375 2523 662 2566 Prutenico
680 2523 735 2566 in
755 2523 1085 2578 simplicibus
1104 2525 1161 2567 et
1174 2522 1536 2577 ina->qualibus
1555 2522 1789 2566 motibus
1802 2523 2109 2566 addendum
2129 2523 2217 2565 vel
2228 2522 2537 2566 subtraben-

375 2582 501 2624 dum
523 2581 595 2634 lit,
621 2583 679 2625 vt
694 2581 1039 2625 mediocriter
1057 2581 1196 2624 bene
1214 2581 1269 2624 se
1289 2582 1490 2625 babeat
1511 2587 1539 2633 (ζ
1563 2580 1748 2624 cursus
1773 2581 1828 2624 in
1853 2581 1943 2624 his
1971 2580 2229 2634 terminis,
2256 2582 2311 2623 et
2334 2580 2537 2623 adden-

375 2640 501 2682 dum
535 2639 740 2694 aliquid
770 2638 1302 2683 commonesadtionis
1334 2640 1455 2683 loco
1485 2640 1554 2682 de
1587 2638 1926 2694 intermediis
1957 2638 2365 2682 enormitatibus
2396 2638 2536 2682 alias

370 2697 770 2752 particulariter
784 2698 1113 2752 regulandis,
1137 2700 1245 2742 tum
1268 2708 1479 2752 quoque
1499 2699 1567 2741 de
1593 2704 1621 2750 (ζ
1645 2697 1942 2741 latitudine.

445 2756 610 2800 Potes
639 2757 818 2809 etiam,
849 2756 890 2800 11·
913 2756 1076 2810 lubet,
1107 2756 1505 2811 Ephemerides
1538 2763 1582 2808 Θ
1614 2756 1819 2810 aliquot
1844 2765 2103 2799 annorum
2134 2754 2295 2809 Vsque
2323 2755 2395 2798 ad
2426 2753 2538 2797 1600

374 2814 695 2859 subnectere.

444 2887 486 2926 p.
506 2872 563 2916 98
583 2887 624 2916 v.
644 2873 701 2917 28
730 2874 842 2917 1595
866 2874 925 2916 E:
949 2874 1290 2917 correximus.

445 2945 487 2984 p.
511 2931 593 2974 100
612 2946 653 2974 ν.
673 2932 701 2975 7
725 2931 852 2976 solis
872 2933 929 2976 E:
952 2932 1294 2976 correximus,

445 3003 487 3043 p.
511 2990 587 3032 101
612 3004 653 3032 ν.
677 2990 730 3033 12
755 2989 1005 3034 circurali
1025 2991 1081 3034 E:
1103 2990 1444 3035 correximus.

445 3047 593 3101 p.102
618 3049 872 3092 Tabulam
900 3049 1209 3103 aequafionis
1235 3048 1488 3103 temporis
1518 3048 1720 3103 praebet
1748 3048 1905 3091 etiam
1935 3047 1980 3090 V
2008 3046 2194 3090 additis
2222 3046 2274 3089 in
2302 3046 2534 3101 margine

376 3106 455 3149 his
480 3107 672 3150 verbis:
703 3106 776 3149 Hi
805 3105 942 3150 tituli
963 3106 1013 3150 A
1037 3106 1086 3151 ἃ
1106 3106 1149 3151 S
1175 3108 1352 3150 locum
1383 3106 1587 3150 babent
1611 3106 1826 3161 quando
1851 3114 2124 3159 apparens
2152 3105 2366 3158 tempus
2391 3113 2536 3147 com-

375 3164 613 3207 mutatur
626 3164 681 3207 in
701 3166 951 3219 aequa1e1.
977 3164 1309 3209 Contrarium
1331 3163 1440 3217 fiat,
1458 3164 1499 3208 Ii
1512 3165 1724 3219 aequale
1744 3164 1926 3208 datum
1951 3165 2164 3218 tempus
2180 3162 2540 3206 commutatur

375 3221 430 3264 in
451 3232 737 3276 apparens.

448 3294 641 3338 laequale
661 3304 760 3329 corr.
781 3305 826 3329 ex
845 3305 1063 3339 apparens.
