2730 4264
606 494 1023 552 IDERALEM
1052 494 1368 557 scientiam,
1403 512 1539 561 quae
1570 497 1781 550 mundi
1808 498 2073 551 AEtherei
2102 501 2331 553 revolu-

354 624 366 641 Ψ
414 636 422 641 Γ
449 585 479 629 :k
514 570 560 622 a*
605 573 797 623 tiones
826 573 882 619 et
910 565 1274 628 harmoniaS‚
1306 568 1682 633 eiusdemque
1708 571 1772 621 in
1798 569 2219 623 elementarem
2247 575 2332 624 in·

483 653 486 658 ·
538 657 554 691 J
606 641 804 693 fluxus
825 637 1272 702 contemplatur,
1294 655 1476 703 quam
1495 646 1722 692 veteres
1741 655 1864 693 uno
1884 641 2212 707 eodemque
2229 659 2333 695 no-

416 737 421 744 ,
502 734 510 783 3
603 714 766 764 mine
786 708 1178 773 Astrologiam
1198 710 1587 774 appellarunt,
1608 712 1883 777 Princeps
1902 712 2155 766 illustriss.
2173 714 2335 767 velut

168 784 196 821 »⁴
226 782 250 834 ἲ
314 783 421 857 ῤ’·ἳχ»
470 797 509 840 ζἢ
528 841 531 844 ,
605 784 877 836 omnium
905 779 1244 832 liberalium
1272 781 1645 835 scientiarum
1674 785 2080 849 antiquissima,
2113 784 2333 850 ipsique

550 849 562 862 “
605 853 758 907 coelo
791 854 887 904 cui
917 850 1200 904 fundatur
1232 868 1438 905 coaeva
1469 854 1665 915 existit,
1699 855 1773 907 fic
1806 858 1984 908 etiam
2013 859 2076 908 in
2104 856 2334 910 summa

135 928 512 981 veneratione
533 926 1035 987 aestimationeque
1056 925 1380 988 antiquitus
1404 940 1528 989 prae
1553 929 1776 978 caeteris
1802 934 2134 991 reputatam
2158 928 2332 989 fuisse‚

135 999 228 1052 vel
247 1014 319 1050 ex
338 997 452 1049 hoc
470 996 593 1049 solo
612 994 987 1050 manifestum
1007 994 1218 1055 evadit,
1241 996 1400 1059 quod
1421 996 1565 1048 olim
1584 1013 1709 1049 non
1725 998 1831 1050 nili
1847 998 2089 1051 summis
2102 1000 2333 1065 regibus

135 1069 228 1123 vel
257 1071 416 1134 regia
448 1069 720 1134 prosapia
751 1066 1020 1120 oriundis
1054 1072 1158 1118 aut
1191 1065 1490 1119 sacrorum
1525 1069 1867 1122 antistitibus
1903 1073 2031 1122 eius
2064 1071 2334 1137 mysteria

51 1161 92 1198 ιο
137 1139 514 1207 cognoscendi
539 1140 789 1193 facultas
810 1137 1244 1197 concederetur,
1273 1141 1375 1202 qui
1402 1154 1536 1191 eam
1555 1139 1894 1201 sublimiori,
1922 1157 2104 1206 quam
2122 1142 2333 1208 vulgus

137 1214 300 1278 capit,
329 1211 513 1264 studio
541 1218 597 1264 et
622 1227 748 1264 non
777 1211 1003 1274 exiguis
1028 1208 1311 1261 sumtibus
1340 1209 1713 1263 laudabiliter
1742 1212 2142 1275 excoluerunt,
2173 1215 2333 1278 quod

136 1283 384 1337 vetustus
404 1282 503 1335 ille
523 1289 698 1348 poeta
719 1280 1027 1341 ManiliuS,
1056 1282 1159 1344 qui
1184 1286 1449 1345 tempore
1470 1285 1594 1334 nati
1615 1282 1825 1335 Christi
1846 1284 2049 1336 Romae
2069 1287 2228 1345 vixit,
2257 1286 2333 1338 ad

135 1354 458 1421 Augustum
491 1354 788 1408 Caesarem
821 1353 893 1405 de
928 1351 1042 1404 hac
1076 1351 1199 1416 ipsa
1230 1359 1354 1404 arte
1386 1352 1637 1406 scribens
1672 1353 1764 1406 his
1795 1355 2052 1408 verfibus
2084 1356 2333 1409 attestari

64 1433 92 1478 ἢ
137 1427 382 1480 videtur:

52 1517 93 1553 1⁵
414 1496 627 1550 Maior
644 1495 736 1550 uti
752 1494 957 1549 facies
976 1493 1196 1548 mundi
1212 1494 1380 1548 foret
1398 1498 1462 1549 et
1482 1498 1859 1560 Veneranda,

413 1569 555 1622 Non
567 1567 819 1636 species
841 1569 1099 1628 tantum,
1114 1564 1230 1633 sed
1247 1569 1314 1619 et
1328 1565 1461 1634 ipsa
1475 1567 1759 1634 potentia
1778 1584 2006 1632 rerum,

315 1703 318 1706 ,
415 1639 863 1707 Sentirentque
883 1639 1068 1692 deum
1084 1640 1318 1706 gentes
1340 1653 1525 1705 quam
1544 1638 1862 1693 maximus
1882 1638 2036 1705 esset,

418 1710 666 1779 Ouisua
688 1708 980 1778 disposuit
990 1724 1114 1777 per
1130 1714 1431 1777 tempora,
1454 1709 1708 1778 cognita
1730 1714 1797 1764 ut
1814 1709 2000 1776 essent

179 1820 181 1823 -
418 1782 725 1838 Omnibus
745 1785 810 1836 et
826 1780 1047 1835 mundi
1064 1780 1268 1834 facies
1289 1782 1639 1848 coelumque
1651 1781 2008 1849 supernum,

48 1873 93 1909 zo
414 1856 802 1922 Naturaeque
823 1852 992 1907 dedit
1011 1851 1186 1906 vires
1197 1850 1393 1920 seque
1412 1851 1544 1920 ipsa
1562 1852 1820 1920 reclusit.

165 1946 168 1949 ·
415 1927 698 1995 RegaIes
717 1925 968 1979 animos
980 1923 1260 1992 primum
1281 1923 1540 1992 dignata
1558 1939 1817 1979 movere

415 1997 710 2052 Proxima
732 1999 1073 2065 tangentes
1091 2010 1306 2049 rerum
1326 1993 1570 2065 fastigia
1591 1998 1765 2050 coelo.

424 2070 574 2123 Tum
596 2069 705 2137 qui
723 2069 957 2136 templa
969 2066 1176 2134 sacris
1197 2069 1528 2121 coluerunt
1546 2082 1730 2121 omne
1742 2083 1865 2135 per
1881 2082 2104 2132 aevum,

415 2138 778 2209 Deledtique
788 2139 1156 2208 sacerdotes
1175 2139 1241 2192 in
1255 2139 1511 2207 publica
1533 2142 1696 2202 vota,

6 2237 9 2241 >
48 2229 93 2266 2⁵
416 2212 503 2266 Hi
521 2216 765 2267 tan-tum
783 2226 1023 2266 novere
1045 2212 1240 2265 decus
1252 2211 1568 2279 primique
1582 2226 1705 2278 per
1722 2213 1922 2264 artem

417 2284 747 2339 Sideribus
768 2284 984 2338 Videre
1006 2283 1196 2352 vagis
1212 2283 1553 2351 pendentia
1572 2283 1735 2346 fata;

419 2356 687 2425 Singula
706 2357 783 2423 n[
779 2370 882 2410 am
878 2355 912 2421 ]
924 2355 1186 2423 proprio
1204 2355 1237 2420 [
1224 2353 1266 2422 s
1251 2354 1341 2420 ]i[
1330 2354 1560 2423 anar[
1558 2357 1670 2408 unt
1689 2353 1999 2421 tempora]
2017 2353 2178 2422 casu,

415 2428 667 2497 [Longa
681 2443 805 2496 per
821 2425 1086 2494 assiduas
1105 2426 1420 2495 complexi
1428 2425 1666 2494 saecula
1662 2424 1695 2490 ]
1714 2440 1919 2479 curas,
1942 2422 1963 2495 ΙΙ

44 2579 98 2622 7v
206 2570 382 2624 Hanc
396 2574 574 2625 etiam
585 2572 661 2625 ob
673 2572 913 2625 causam
927 2570 1307 2637 quorundam
1319 2571 1844 2635 antiquissimorum
1855 2570 2078 2635 Regum
2089 2571 2335 2621 nomina

49 2658 94 2694 ω
139 2645 302 2695 certis
329 2642 607 2697 sideribus
637 2644 865 2710 (qualia
893 2643 1024 2696 sunt
1053 2643 1260 2702 Orion,
1291 2642 1600 2702 HerculeS‚
1630 2640 2050 2707 Ardiophylax,
2079 2640 2332 2700 Persem,

139 2712 479 2776 EridtoniuS,
507 2715 756 2782 Chyron
777 2723 833 2768 et
852 2714 1084 2779 similia)
1109 2715 1387 2768 attributa
1407 2715 1511 2766 esse
1532 2713 1857 2766 admodum
1877 2712 2333 2765 consentaneum

138 2784 226 2847 est,
246 2785 422 2851 idque
441 2793 505 2839 ut
525 2803 736 2840 eorum
754 2794 919 2854 grata
933 2789 1226 2839 memoria
1239 2786 1353 2839 hac
1367 2788 1595 2838 ratione
1610 2788 1672 2837 in
1686 2784 2047 2849 sempiternis
2060 2783 2174 2835 illis
2188 2783 2332 2835 lam-

137 2857 382 2921 padibus
410 2859 881 2925 nobilissimisque
911 2858 1047 2912 coeli
1078 2858 1439 2923 corporibuS,
1471 2872 1606 2922 quae
1635 2856 1802 2908 nullo
1832 2871 1963 2908 aevo
1990 2861 2331 2914 atteruntur,

1 2965 5 3001 {
137 2926 306 2995 longe
336 2930 676 2996 praeclar‘ior
705 2934 991 2984 emineret
1022 2931 1472 2994 diuturniorque
1505 2928 1831 2994 persisteret,
1866 2942 2047 2991 quam
2074 2926 2116 2978 fi
2145 2942 2177 2978 e
2207 2928 2331 2990 qui-

2 3003 5 3071 ⁵:
49 3005 94 3050 3⁵
137 2998 309 3054 busve
327 3002 683 3056 terrestribus
704 3009 1007 3068 utcunque
1028 3001 1291 3067 speciofis
1312 3002 1486 3053 rebus
1507 3005 1847 3065 comparata
1866 2998 2029 3059 foret,
2050 2997 2332 3062 fiquidem

138 3076 366 3126 terrena
385 3077 589 3127 omnia
609 3081 673 3127 ut
691 3075 796 3128 sua
814 3081 1030 3127 natura
1050 3074 1215 3126 fluxa
1241 3080 1296 3125 et
1321 3075 1519 3124 minus
1546 3070 1838 3124 durabilia
1864 3069 2125 3129 existunt,
2152 3068 2225 3120 fic
2251 3068 2331 3120 al-

138 3146 406 3197 terationi
426 3152 481 3198 et
499 3149 832 3207 mutationi,
854 3148 1136 3211 temporis
1156 3145 1417 3205 successu,
1438 3144 1580 3209 subij
1588 3145 1835 3195 ciuntur.

207 3214 287 3268 Ut
304 3232 446 3269 vero
465 3217 617 3270 nihil
635 3218 751 3271 hoc
771 3218 904 3271 loco
926 3218 1026 3282 (ne
1045 3217 1331 3283 prolixior
1351 3215 1454 3267 fiat
1474 3213 1685 3278 oratio)
1708 3213 1900 3266 dicam
1917 3212 1989 3264 de
2006 3213 2333 3264 innumeris

140 3284 385 3352 Regibus
411 3295 466 3341 et
489 3289 765 3343 Heroicis
790 3292 948 3350 viriS,
978 3292 1081 3355 qui
1107 3291 1170 3341 in
1195 3290 1400 3354 primis
1425 3287 1608 3339 tribus
1628 3286 2002 3351 Assyriorum,
2030 3282 2333 3335 Persarum

11 3360 13 3402 ὲ
51 3370 96 3406 40
141 3363 194 3408 et
207 3357 558 3413 Graecorum
573 3361 946 3427 Monarchijs
960 3361 1116 3413 hanc
1129 3359 1438 3412 sublimem
1452 3358 1751 3410 scientiam
1763 3358 1983 3421 ingenti
2004 3369 2138 3407 cum
2157 3353 2333 3406 laude

140 3429 428 3483 excultam
472 3432 1014 3498 amplificatamque
1053 3432 1129 3485 ad
1167 3431 1423 3497 posteros
1464 3428 1914 3488 transmiserunt,
1961 3432 2111 3479 certe
2155 3424 2333 3548 hglitus

2108 3512 2189 3561 qu
2281 3511 2333 3548 ae
