2730 4264
420 320 521 372 270
1096 319 1373 371 VARIAE
1399 319 1891 372 SCRIPTURAE

489 470 530 509 p.
550 455 629 499 401
654 470 694 498 ν.
715 456 743 498 8
767 455 955 498 Horis.
975 487 984 497 .
1004 487 1014 497 .
1030 454 1271 512 401110ris
1288 465 1320 497 a
1337 453 1566 497 Meridie
1586 456 1987 508 quatuordecim
2009 458 2204 511 elapsis
2223 469 2344 502 cum
2366 459 2567 504 Iemisse

419 515 534 558 cod.
556 514 727 557 44—45
782 528 822 556 v.
842 513 900 556 20
927 511 1159 569 Crinitae]
1182 512 1419 556 Cometae
1437 513 1554 555 cod.
1575 513 1748 555 44-45
1805 527 1846 556 v.
1866 514 1923 557 26
1948 515 2253 574 agitaretur]
2276 517 2574 561 versaretur

419 573 534 615 cod.
565 572 736 614 44—45
796 585 837 614 v.
863 571 920 613 35
956 571 1142 612 velunt
1164 571 1279 614 cod.
1309 571 1366 613 30
1426 583 1467 612 ν.
1493 570 1550 613 39
1586 572 1644 614 vt
1663 571 1818 624 prius
1848 572 1963 615 dixi
1990 585 2094 616 om.
2123 575 2238 617 cod.
2266 575 2343 618 30:
2372 577 2489 619 add.
2517 577 2567 619 in

420 641 535 672 mar
571 662 580 672 .
603 630 718 672 cod.
738 629 925 671 44—45.

488 642 634 740 2502
653 701 694 729 v.
717 687 734 728 1
766 689 883 740 post
901 685 1327 739 conspiciebatur
1343 686 1460 729 add.
1477 689 1825 740 apparentem
1849 690 1999 732 codd.
2021 689 2079 732 30
2097 693 2148 733 et
2166 690 2354 742 44—45,
2376 693 2468 734 sed
2488 693 2569 736 de·

418 746 539 788 levit
557 745 640 787 hic
689 758 730 786 v.
744 744 771 787 3
797 742 1083 786 conieciari
1101 744 1252 787 codd.
1273 744 1331 787 30
1350 748 1401 787 et
1419 744 1592 787 44-45
1641 759 1681 788 v.
1699 746 1752 789 13
1778 746 1956 803 dubia]
1977 747 2228 801 ambigua
2250 750 2364 792 cod.
2379 749 2566 793 44—45.

486 816 528 855 p.
548 802 634 845 403
653 815 693 844 ν.
714 801 741 844 5
766 800 1136 858 manifestabit]
1156 801 1435 844 exercebit
1451 803 1566 846 cod.
1587 802 1761 846 44—45
1822 818 1862 846 v.
1883 805 1998 847 6-7
2022 806 2411 860 inscriptionem
2432 808 2571 850 addi-

418 861 586 903 dimus
606 871 634 902 e
654 860 769 903 cod.
790 859 962 901 44—45
1011 873 1052 901 v.
1071 859 1216 903 8--10
1244 858 1376 917 Quae
1393 892 1403 902 .
1421 891 1432 902 .
1450 893 1460 903 .
1478 860 1785 905 defamatur
1800 874 1904 906 orn.
1923 864 2039 906 cod.
2060 864 2234 912 44-45
2281 878 2323 907 v.
2346 865 2400 908 10
2425 865 2566 908 en1‘m

418 930 520 961 om.
543 919 657 961 cod.
679 917 851 959 44-45
929 930 969 959 ν.
989 917 1046 960 38
1066 928 1183 971 prae
1209 917 1423 975 ceteris]
1449 919 1737 962 admodum
1767 922 1881 964 cod.
1903 921 2076 964 44—45
2148 936 2189 964 v.
2209 922 2265 965 39
2291 933 2411 976 quae
2437 923 2569 967 falso

418 977 532 1019 cod.
554 975 746 1018 44-45:
769 974 861 1028 qui
878 975 1212 1019 scribendum
1233 988 1357 1019 cum
1376 977 1497 1019 Elia.

485 1047 527 1086 p.
547 1032 632 1075 404
651 1047 692 1075 ν.
712 1033 740 1076 9
765 1033 1186 1086 quodammodo.
1207 1066 1217 1076 .
1237 1035 1404 1091 .cum]
1430 1034 1753 1088 astipulatur,
1782 1035 2015 1091 quicod.
2036 1037 2208 1080 44-45
2275 1052 2316 1080 v.
2341 1038 2393 1081 10
2414 1038 2570 1092 pelti-

416 1091 561 1134 t'eras
582 1102 684 1134 om.
707 1092 823 1134 cod.
843 1091 1017 1134 44-45
1079 1091 1127 1134 ἃ
1147 1104 1251 1136 om.
1274 1094 1389 1136 cod.
1411 1093 1584 1136 44—45
1639 1107 1678 1135 v.
1702 1094 1755 1137 19
1781 1095 2009 1152 quoque]
2030 1095 2246 1149 insuper
2260 1097 2377 1140 cod.
2398 1097 2570 1140 44-45

416 1164 456 1191 v.
473 1148 530 1192 30
554 1148 800 1192 adiundta
815 1150 931 1192 cod.
947 1149 1120 1192 44—45
1140 1150 1173 1193 f.
1189 1151 1266 1194 24:
1289 1151 1631 1205 adiungenda
1646 1152 1785 1195 idem
1803 1153 1838 1195 f.
1859 1153 1910 1195 17
1930 1165 2089 1207 supra
2103 1166 2225 1197 scr.:
2247 1153 2570 1208 subsequens

416 1207 563 1250 Elias.

484 1279 526 1318 p.
546 1265 632 1308 405
651 1278 691 1307 ν.
717 1266 770 1309 10
789 1264 970 1319 priora
998 1267 1238 1320 tempora
1266 1268 1512 1324 tulerunt]
1541 1278 1773 1321 vnquam
1802 1269 1961 1311 antea
1985 1270 2100 1313 cod.
2123 1269 2296 1313 44-45
2356 1285 2397 1313 v.
2421 1271 2473 1314 13
2492 1271 2570 1314 in-

415 1322 735 1380 auspicatas]
756 1324 1044 1366 admodum
1067 1324 1353 1368 damnosas
1373 1326 1489 1369 cod.
1510 1326 1698 1369 44—45.

484 1395 526 1434 p.
546 1381 632 1424 406
656 1395 697 1423 ν.
717 1381 877 1435 42—p.
897 1382 983 1425 407
1007 1396 1048 1424 ν.
1072 1383 1089 1425 1
1122 1382 1387 1426 euidenti.
1406 1416 1416 1425 .
1435 1416 1444 1426 .
1462 1385 1784 1441 mereantur]
1811 1386 1956 1428 certa
1983 1384 2319 1439 experientia
2347 1386 2570 1431 stabilita

414 1439 533 1482 sunt
549 1440 664 1483 cod.
685 1441 757 1483 23.

484 1511 526 1550 p.
545 1497 632 1540 407
651 1511 692 1540 ν.
712 1498 740 1540 2
764 1498 924 1556 nunc]
944 1498 1115 1542 nostro
1134 1510 1256 1543 aeuo
1276 1501 1392 1543 cod.
1414 1501 1470 1544 23
1549 1514 1590 1543 v.
1610 1500 1638 1544 3
1663 1502 1840 1558 atque]
1863 1501 1910 1545 ἂν
1930 1503 2046 1545 cod.
2067 1503 2123 1545 23
2207 1506 2326 1546 ante
2349 1501 2572 1547 Germa-

414 1556 558 1598 niam
588 1557 707 1599 add.
731 1558 891 1600 totam
919 1558 1034 1600 cod.
1056 1558 1128 1609 23,
1149 1559 1242 1602 sed
1267 1559 1457 1602 delevit
1531 1573 1572 1602 v.
1592 1559 1619 1602 6
1644 1559 1859 1616 subeBe]
1885 1559 2047 1603 inesse
2073 1572 2232 1615 supra
2256 1572 2355 1604 scr.
2378 1562 2494 1606 cod.
2514 1562 2571 1606 23

414 1628 454 1656 v.
478 1613 531 1656 10
556 1613 792 1672 contigit]
811 1614 979 1658 fiebat
995 1616 1111 1659 cod.
1132 1617 1189 1659 23
1271 1617 1325 1659 15
1350 1629 1415 1660 ex
1433 1617 1492 1660 25
1511 1629 1645 1661 corr.
1668 1619 1784 1661 cod.
1806 1618 1863 1661 23
1882 1618 1966 1674 (cf.
1988 1630 2036 1672 p.
2058 1618 2144 1662 413
2163 1631 2212 1662 v.
2239 1619 2309 1675 15)
2379 1633 2421 1662 ν.
2444 1620 2491 1662 11
2524 1620 2573 1663 8(

415 1684 517 1715 om.
540 1673 655 1716 cod.
677 1674 734 1716 23
789 1687 829 1716 v.
854 1674 907 1716 17
930 1673 997 1731 is]
1022 1673 1244 1718 Cometa
1263 1674 1352 1718 hic
1373 1676 1489 1719 cod.
1510 1676 1567 1718 23
1616 1689 1657 1718 v.
1677 1676 1727 1718 21
1737 1675 1850 1719 -26
1870 1680 1922 1720 et
1939 1676 2113 1720 35-38
2139 1688 2244 1720 om.
2266 1677 2400 1721 Elias
2454 1691 2495 1720 v.
2515 1678 2572 1721 25

409 1732 732 1784 perpexlum
754 1733 893 1775 cod.:
916 1733 1242 1776 correximus
1290 1747 1331 1775 v.
1345 1733 1402 1776 29
1421 1734 1626 1791 eorum]
1645 1733 1928 1777 effectuum
1951 1736 2066 1779 cod.
2082 1736 2138 1778 23
2187 1749 2228 1777 v.
2242 1734 2300 1778 32
2319 1734 2571 1793 Effedius]

413 1788 656 1832 influxus
675 1790 791 1834 cod.
806 1791 863 1833 23
911 1804 952 1833 v.
973 1790 1030 1834 36
1051 1792 1109 1834 vt
1125 1790 1434 1845 quibusdam
1451 1793 1639 1846 placet
1654 1793 1908 1836 aBumem
1917 1804 1981 1836 us
2001 1794 2116 1837 cod.
2131 1794 2188 1836 27
2242 1807 2284 1836 v.
2303 1793 2361 1837 37
2374 1794 2573 1847 produ-

413 1847 616 1905 centur]
636 1857 734 1891 eos
749 1849 1015 1903 producet
1030 1850 1146 1893 cod.
1162 1851 1219 1892 27
1261 1864 1303 1893 v.
1316 1850 1374 1893 38
1391 1853 1511 1905 post
1532 1861 1659 1893 vere
1679 1852 1797 1895 add.
1816 1850 2071 1894 videlicet
2087 1852 2203 1896 cod.
2219 1852 2275 1894 27
2336 1851 2572 1895 Effedtus

415 1917 518 1948 om.
535 1906 669 1949 Elias
710 1920 752 1949 v.
766 1906 823 1950 39
843 1906 950 1964 qui]
966 1907 1014 1950 8(
1027 1908 1161 1951 Elias
1204 1922 1245 1951 v.
1258 1908 1316 1952 42
1334 1912 1453 1963 post
1465 1908 1850 1952 Particularem
1868 1910 1985 1952 add.
2005 1909 2052 1953 8(
2064 1909 2352 1963 specialem
2369 1911 2485 1954 cod.
2498 1911 2569 1954 23.

483 1977 526 2016 p.
545 1963 632 2007 408
651 1978 692 2007 ν.
716 1964 763 2007 11
799 1967 846 2020 0‘
869 1966 1189 2023 scripsimus]
1217 1972 1258 2017 <9
1286 1968 1401 2010 cod.

483 2035 526 2075 p.
545 2021 632 2065 409
650 2036 692 2065 ν.
712 2023 740 2066 7
764 2023 1055 2067 adamussis
1084 2025 1223 2067 cod.:
1255 2026 1579 2069 correximus
1698 2039 1738 2068 v.
1765 2025 1822 2069 39
1852 2025 2262 2080 serpentemque
2291 2028 2430 2070 cod.:
2462 2038 2574 2071 cor-

414 2091 657 2123 reximus,

483 2152 526 2191 p.
545 2138 632 2182 410
650 2153 692 2182 ν.
712 2139 740 2181 7
766 2139 923 2182 cuius
943 2141 1081 2183 cod.:
1105 2141 1430 2184 correximus
1508 2156 1549 2185 v.
1568 2142 1714 2186 8-10
1737 2153 1844 2186 non
1862 2173 1872 2184 .
1891 2174 1901 2184 .
1917 2141 2055 2196 .1’pl’a
2075 2143 2127 2185 in
2146 2155 2308 2198 marg.
2332 2143 2470 2186 cod.:
2492 2143 2572 2186 his

415 2208 540 2240 vero
563 2197 748 2241 additis
769 2198 1065 2241 addendum
1086 2199 1182 2242 fuit
1201 2199 1360 2243 etiam
1379 2201 1509 2252 erat,
1531 2201 1672 2255 quod
1690 2212 1787 2244 nos
1807 2201 2102 2244 addidimus
2121 2213 2169 2244 v.
2196 2202 2262 2243 11.
2488 2212 2491 2215 ·

483 2268 526 2307 p.
546 2254 626 2297 411
651 2270 692 2298 ν.
716 2255 769 2298 12
794 2256 1148 2310 generrlaiter
1163 2258 1302 2301 cod.:
1325 2259 1651 2302 correximus
1693 2273 1734 2301 ν.
1749 2258 1806 2302 32
1826 2259 2054 2302 deerunt
2070 2258 2179 2302 bell
2197 2260 2332 2311 cod„
2353 2260 2445 2303 sed
2465 2259 2574 2302 bell

414 2313 616 2356 delevit.

483 2384 526 2424 p.
540 2371 626 2414 412
645 2386 686 2414 ν.
700 2372 728 2415 2
747 2372 1023 2416 excitatus
1038 2375 1176 2418 cod.:
1194 2375 1518 2419 correximus
1573 2385 1694 2429 quae
1710 2407 1720 2418 .
1740 2408 1749 2418 .
1769 2408 1778 2418 .
1795 2375 1922 2429 ipsae
1935 2376 2254 2432 scripsimus]
2269 2374 2386 2429 qui.
2405 2407 2415 2418 .
2434 2407 2444 2418 .
2461 2375 2572 2429 ipso

415 2431 530 2473 cod.
593 2444 633 2472 v.
654 2429 682 2473 4
707 2433 1158 2475 armamentorum
1182 2434 1320 2476 cod.:
1344 2433 1670 2477 correximus
1730 2447 1771 2476 ν.
1791 2434 1819 2477 7
1844 2434 1932 2477 hic
1953 2434 2272 2491 scripsimus]
2292 2433 2342 2476 is
2362 2435 2496 2486 cod„
2516 2438 2573 2477 ut

414 2488 617 2531 videtur
683 2503 724 2531 v.
747 2489 800 2532 19
825 2489 1120 2533 Zodiacum
1148 2503 1213 2534 ex
1239 2491 1559 2546 Eclipticam
1587 2503 1722 2536 corr.
1745 2493 1860 2536 cod.
1929 2506 1971 2534 v.
1991 2491 2049 2535 26
2073 2492 2246 2536 Hom.
2269 2493 2384 2536 cod.
2453 2506 2495 2534 v.
2515 2492 2572 2535 37

413 2544 654 2599 Aphrica
675 2548 791 2591 cod.
853 2561 895 2590 v.
915 2548 971 2591 38
997 2559 1362 2593 commemora
1382 2551 1498 2594 cod.

483 2618 526 2657 p.
545 2604 632 2647 413
650 2619 692 2648 ν.
711 2605 739 2648 3
763 2604 1151 2659 septentriones
1172 2609 1287 2651 cod.
1353 2622 1395 2651 v.
1414 2608 1472 2652 29
1497 2608 1616 2653 haec
1636 2607 1839 2652 funesta
1861 2609 1999 2652 cod.:
2022 2608 2360 2652 correximus.

484 2676 525 2715 p.
545 2662 631 2705 416
647 2677 691 2705 ν.
711 2663 739 2706 6
764 2664 842 2706 ΙΙΙ
858 2675 961 2708 om.
985 2666 1100 2708 cod.

594 2815 724 2875 AD
752 2816 1489 2879 APOLOGETICAM
1519 2818 2232 2879 RESPONSIONEM
2260 2818 2390 2878 AD

1040 2904 1498 2981 ‚CRAIGUM
1526 2905 1932 2966 SCOTUM.

553 2991 641 3027 cod.
661 3004 706 3022 Ξ
727 2991 863 3028 Codex
885 2992 1146 3029 Hauniensis
1167 2994 1271 3029 Nov.
1292 2993 1396 3030 Con.
1417 2994 1510 3040 Reg.
1530 2995 1576 3030 93
1589 2994 1627 3030 b.

554 3038 683 3074 Berol.
703 3050 746 3069 =
768 3039 1058 3084 Fragmentum
1078 3050 1207 3076 manu
1228 3039 1424 3085 scriptum
1444 3041 1619 3086 exempli
1640 3040 2037 3082 Berolinensis.(vid.
2057 3043 2153 3077 tom.
2175 3041 2226 3076 lv
2246 3051 2283 3084 p.
2305 3040 2401 3082 518).

554 3085 687 3120 Barth.
706 3097 751 3115 =
773 3085 932 3121 Erasmi
953 3086 1181 3122 Bartholini
1203 3087 1264 3122 De
1284 3086 1454 3123 cometis
1475 3087 1576 3123 anni
1599 3088 1686 3123 1664
1706 3090 1745 3123 et
1767 3088 1855 3123 1665
1876 3086 1972 3129 (vid.
1992 3090 2089 3123 tom.
2110 3087 2163 3122 1v
2182 3098 2218 3131 p.
2239 3086 2336 3129 517).

554 3130 692 3176 Craigi
712 3132 800 3168 cod.
821 3144 865 3163 =
884 3133 1182 3179 Apogr'aphum
1202 3133 1341 3179 Craigi
1360 3133 1631 3179 epistularum
1652 3134 1695 3169 in
1715 3135 1862 3170 eodem
1882 3134 2068 3179 exemplo
2088 3132 2346 3169 Berolinensi
2369 3143 2431 3168 as-

623 3181 829 3215 servatum
850 3179 947 3221 (vid.
966 3182 1062 3216 tom.
1076 3181 1149 3216 VII
1170 3191 1209 3225 p.
1232 3181 1298 3216 175
1317 3181 1433 3226 sqq.).

484 3259 526 3298 p.
546 3245 632 3288 417
657 3260 698 3289 ν.
722 3246 834 3290 1-3
863 3246 1132 3302 Apologia
1157 3247 1258 3291 Dn.
1286 3248 1560 3303 Tychom's
1584 3249 1766 3292 Brahe
1791 3249 1862 3292 ad
1886 3248 1950 3292 D.
1977 3248 2271 3292 Iohannem
2304 3246 2570 3301 Craigum‚

415 3313 520 3356 qva
535 3303 698 3358 ipsius
707 3305 910 3359 placita
925 3306 1343 3360 disqviruntur&
1355 3307 1750 3361 redarguuntur
1759 3308 1921 3351 Berol.
1958 3320 1999 3349 v.
2018 3306 2064 3349 11
2091 3305 2217 3360 qvin
2232 3304 2416 3362 Berol.]
2431 3304 2572 3359 quod
