2730 4264
89 1115 131 1150 10

89 1472 131 1507 15

85 2448 130 2483 25

1070 308 1489 362 CARMINA

464 455 616 520 Ergo
635 453 738 506 ubi
756 452 1019 518 placatos
1040 458 1235 517 ageret
1256 451 1380 503 Rex
1398 452 1646 515 impiger
1666 463 1876 508 anno&

534 523 852 578 Strudturae
872 530 1036 576 tanta
1055 523 1213 575 mole
1233 525 1453 588 peregit
1473 537 1640 587 opuS,

463 597 843 660 Munivitque
864 610 1078 656 arcem,
1099 594 1261 646 velut
1281 594 1543 658 adspicis,
1563 591 1728 644 haud
1748 590 1908 656 quod
1928 593 1992 642 in
2012 589 2114 642 ista

535 668 714 733 Spem
732 667 834 719 fibi
853 665 1053 719 tutelae
1072 665 1442 731 praefidiique
1462 665 1629 726 locet,

463 740 591 792 Nec
611 738 772 791 velut
791 740 1038 802 antiquo
1058 735 1266 789 strudlo
1287 735 1609 802 Babylonis
1630 734 1868 787 ovando

527 811 558 873 J
561 809 726 871 afflet,
747 816 812 862 ut
830 808 1101 861 humana
1120 809 1338 861 robora
1356 806 1509 860 faeta
1528 823 1732 859 manu.

463 882 565 934 Iste
586 882 743 934 dedit
762 896 975 946 poenas
994 880 1186 941 fastu&
1208 880 1352 932 dum
1370 879 1647 944 septimus
1668 894 1863 931 annus

535 953 818 1006 Cerneret
839 958 1138 1004 amentem
1157 951 1628 1016 perfimilemque
1648 950 1802 1002 feriS.

462 1025 586 1077 Rex
605 1023 756 1076 nihil
776 1023 1019 1076 ostentat
1039 1023 1270 1075 Danus,
1292 1023 1366 1075 Se
1387 1023 1567 1074 credit
1588 1028 1643 1074 et
1664 1028 1825 1087 optat

533 1095 807 1148 Praefidio
826 1102 1020 1147 tutum
1040 1094 1218 1147 solius
1240 1095 1343 1147 esse
1364 1094 1496 1147 Dei.

463 1167 579 1220 Scit
597 1168 766 1227 bene,
787 1169 851 1218 ni
870 1166 1066 1219 faveat
1086 1167 1347 1227 Numen,
1370 1166 1530 1230 quod
1550 1164 1766 1217 robora
1786 1163 1953 1216 nulla

533 1238 644 1290 Vel
664 1238 912 1304 chalybe
933 1245 988 1290 et
1009 1238 1158 1290 duro
1179 1236 1332 1290 fadta
1352 1238 1669 1290 adamante
1685 1238 1910 1302 juvent.

463 1311 615 1376 Ergo
637 1310 733 1362 det
752 1310 1038 1362 astrorum
1057 1317 1348 1374 terraeque
1368 1308 1662 1373 marisque
1685 1308 1948 1367 Creator,

534 1382 603 1434 In
623 1397 743 1446 quo
763 1382 923 1447 spem
942 1381 1065 1433 solo
1086 1381 1210 1433 Rex
1229 1381 1274 1433 F
1276 1379 1700 1432 RIDERICUS
1720 1378 1914 1439 habet,

462 1453 705 1518 Prosper
724 1460 788 1505 ut
807 1453 907 1504 ille
927 1453 1031 1505 diu
1051 1459 1106 1505 et
1125 1452 1353 1505 soboles
1372 1452 1599 1516 serique
1620 1457 1865 1516 nepotes

534 1525 668 1578 Has
687 1524 967 1585 habitent,
988 1524 1162 1576 firma
1182 1539 1327 1589 pace
1346 1526 1595 1589 vigente,
1617 1522 1844 1575 domos

886 1664 958 1708 IN
983 1664 1255 1708 TABULA
1284 1663 1684 1707 HOROLOGII.

462 1738 810 1792 Transvolat
829 1738 981 1791 hora
998 1739 1145 1791 levis
1165 1753 1361 1803 neque
1381 1737 1480 1790 scit
1498 1737 1744 1803 fugitiva
1763 1739 1991 1798 reverti,

535 1810 747 1863 Nostra
766 1810 936 1862 fimul
955 1825 1282 1876 properans
1302 1812 1424 1862 vita
1444 1809 1669 1862 caduca
1688 1809 1848 1874 fugit.

180 2023 230 2069 [E
252 2022 356 2060 Petri
376 2022 588 2060 Gassendi
610 2023 826 2070 Tychonis
846 2023 1006 2059 Btahei
1029 2023 1124 2059 Vita
1146 2022 1332 2066 (Parisiis
1357 2023 1464 2066 1654)
1485 2034 1523 2068 p.
1544 2021 1630 2066 301]

391 2112 526 2173 AD
556 2112 649 2173 H.
680 2111 1397 2173 GYLLUNFINUM
1430 2110 1879 2172 BAHUSIAE
1904 2108 2174 2170 ARCIS

670 2202 1197 2264 PRAEFECTUM,
1225 2202 1639 2256 HOSPITEM
1666 2202 1901 2255 SUUM

949 2285 1617 2340 AMANTISSIMUM.

592 2382 815 2435 ANTA
834 2382 944 2435 fuit
962 2385 1164 2444 virtuS‚
1186 2382 1452 2444 MavorS‚
1474 2389 1529 2435 et
1548 2382 1820 2447 splendor
1839 2397 2108 2441 avorum,

663 2455 868 2507 Aurea
889 2455 1049 2519 quod
1071 2454 1254 2507 Genti
1272 2457 1523 2507 nomina
1543 2454 1724 2507 Stella
1744 2454 1916 2506 dedit.

462 2525 691 2591 Magna
711 2527 951 2591 quidem
971 2525 1103 2579 laus
1124 2526 1200 2578 est
1218 2527 1472 2578 micuisse
1493 2532 1558 2578 ut
1576 2526 1784 2578 fidera:
1805 2528 2014 2585 maior,

534 2598 615 2650 Ut
634 2597 894 2651 Phoebus
914 2598 1182 2651 Patribus
1203 2599 1582 2663 praemicuisse
1603 2604 1785 2650 tuam.

461 2668 574 2721 Tot
593 2669 804 2722 Patriae
823 2669 1074 2735 insignes
1094 2669 1361 2735 peperisti
1381 2670 1578 2721 Marte
1599 2668 1948 2733 triumphOS,

534 2740 834 2806 Claraque
854 2748 938 2794 tot
958 2740 1164 2793 vidirix
1184 2742 1390 2794 dextra
1408 2740 1680 2806 trophaea
1698 2740 1845 2792 tulit.

462 2812 661 2877 thue
681 2816 902 2865 micant
922 2813 1103 2879 radijs
1123 2813 1499 2865 rutilantibus
1520 2827 1766 2877 aequora
1785 2811 2011 2872 Phoebi,

534 2883 801 2937 Cimbria
820 2884 893 2936 fic
912 2884 1127 2949 palmis
1146 2884 1327 2950 fulget
1347 2891 1603 2949 ovatque
1624 2886 1756 2935 tuis,

461 2955 666 3008 Aurea
686 2956 867 3008 Stella
886 2962 1037 3021 apte,
1058 2956 1229 3008 titulo
1249 2963 1451 3008 tamen
1471 2958 1698 3020 impare
1718 2954 1882 3020 gestis

532 3027 788 3089 AureuS,
811 3034 866 3080 et
884 3027 1099 3080 melius
1120 3028 1222 3080 Sol
1241 3028 1344 3080 tibi
1363 3042 1587 3079 nomen
1608 3029 1731 3078 erit.

2088 3120 2154 3172 T.
2177 3120 2241 3172 B.

2305 305 2385 357 191

2315 3451 2385 3517 [E
