2730 4264
811 317 1689 374 MEDICAMENTORUM
2257 328 2348 379 163

150 463 327 517 modo
347 461 420 514 12.
435 460 531 513 vel
544 460 617 512 16.
639 459 835 514 evadit
854 460 1356 514 medicamentum
1375 469 1581 516 contra
1599 464 1839 516 morbos
1860 465 2180 519 antedictos
2200 468 2348 520 mul-

150 534 347 599 tosque
367 532 516 585 alios
537 531 688 584 adeo
707 530 1003 595 praestans,
1024 539 1088 584 ut
1101 535 1201 584 vix
1222 533 1438 586 habeat
1458 535 1619 598 quod
1638 535 1723 587 illi
1744 535 1997 588 conferri
2016 538 2190 601 possit‚
2213 541 2350 590 etin

149 619 333 672 parva
360 603 481 656 dofi
507 609 631 655 tam
655 601 969 667 praeservat
995 618 1178 667 quam
1204 612 1369 657 curat
1395 605 1611 670 absque
1637 610 1802 658 omni
1830 608 2196 670 detrimento,
2227 625 2351 661 non

150 675 506 730 debilitando
525 680 804 726 naturam
823 672 919 724 sed
940 674 1345 728 confortando.

59 828 104 868 ¹5
395 806 438 858 2‘.
466 806 589 857 PRO
617 812 864 856 MORBIS
891 813 1268 858 EPIDEMICIS
1295 816 1373 858 ET
1401 816 1543 860 HUC
1568 817 2098 863 PERTINENTIBUS.

217 889 497 942 Sumatur
509 902 618 951 pro
629 901 874 951 corpore
883 886 1116 940 Vitrioli
1128 888 1409 954 Ungarici
1423 906 1640 955 magna
1651 894 1838 956 copia,
1852 898 2052 956 utpote
2067 893 2350 945 librarum

151 962 370 1014 circiter
379 958 465 1010 20.
482 957 825 1018 Exficcetur,
840 958 1158 1022 deputetur
1171 975 1275 1023 per
1288 960 1514 1025 aliquot
1528 965 1838 1015 continuas
1852 963 2169 1016 solutiones
2185 972 2239 1016 et
2254 981 2348 1016 ex-

149 1032 498 1091 ficcationes‚
521 1030 709 1082 donec
728 1032 1058 1081 maximam
1072 1038 1300 1095 partem
1314 1031 1529 1084 faecum
1543 1034 1909 1094 terrestrium,
1932 1036 2145 1099 quibus
2159 1035 2347 1095 scatet,

149 1102 414 1156 amiserit.
446 1101 645 1153 Postea
674 1100 955 1153 indantur
984 1102 1302 1155 cucurbitae
1329 1109 1536 1156 terreae
1563 1104 1780 1166 lutatae,
1812 1121 1948 1170 quae
1974 1109 2172 1172 ignem
2197 1107 2348 1159 susti—

63 1194 104 1231 1o
149 1189 288 1227 nere
302 1178 495 1238 queat,
512 1179 628 1225 tres
641 1171 737 1224 vel
751 1178 1008 1237 quatuor
1020 1172 1204 1234 librae‚
1222 1181 1397 1238 prout
1411 1176 1712 1228 cucurbita
1725 1176 1875 1228 ferre
1889 1178 2083 1241 potest,
2100 1185 2155 1230 et
2169 1193 2348 1243 appo-

148 1245 248 1298 fito
262 1246 526 1297 maximo
539 1245 857 1308 recipiente
871 1243 1252 1308 impellantur
1265 1245 1561 1298 successive
1575 1250 1638 1298 in
1652 1247 1960 1306 Athanore
1977 1249 2206 1314 spiritus
2226 1266 2350 1302 non

148 1316 347 1370 saltem
365 1314 612 1375 humidi,
635 1314 732 1367 sed
753 1321 808 1367 et
827 1314 972 1376 ficei,
1000 1315 1189 1368 donec
1209 1317 1510 1369 colchotar
1529 1320 1593 1369 in
1612 1318 1797 1371 fundo
1818 1335 2133 1372 remanens
2153 1321 2350 1373 nullos

149 1387 401 1453 amplius
430 1389 670 1439 emittat.
699 1386 1110 1439 Refundantur
1139 1388 1319 1453 ijdem
1348 1389 1577 1453 spiritus
1605 1396 1727 1441 tam
1756 1390 1987 1443 humidi
2016 1408 2197 1456 quam
2222 1392 2349 1444 ficei
2415 1450 2422 1456 ,

148 1459 316 1525 super
334 1458 492 1511 idem
511 1457 813 1511 colchotar
836 1460 1001 1522 prius
1026 1459 1352 1519 contusum,
1382 1468 1437 1512 et
1463 1463 1526 1511 in
1551 1476 1711 1513 nova
1738 1463 2037 1515 cucurbita
2063 1464 2259 1515 denuo
2286 1471 2350 1516 ut

62 1551 103 1586 15
148 1533 309 1597 prius
333 1529 437 1582 fiat
460 1529 767 1595 spirituum
792 1532 856 1581 in
883 1530 1190 1594 Recipiens
1219 1546 1504 1597 magnum
1534 1532 1819 1597 impu1fi0‚
1850 1534 2027 1598 idque
2056 1541 2350 1599 repetatur

52 1614 102 1658 4r
147 1609 233 1655 ter
244 1601 339 1654 vel
352 1607 575 1666 quater.
595 1601 797 1654 Postea
815 1601 1012 1666 liquor
1025 1605 1089 1653 in
1103 1601 1437 1667 Recipiente
1458 1618 1774 1656 remanens
1793 1601 2185 1673 infun-udatur
2198 1609 2348 1658 vitro

149 1673 418 1739 oblongo,
440 1679 496 1725 et
513 1672 684 1725 fimul
704 1671 891 1725 affuso
913 1675 1040 1725 eius
1061 1677 1403 1738 quantitatis
1417 1674 1618 1739 spiritu
1631 1677 1755 1727 vini
1769 1679 2008 1740 optimo,
2030 1680 2132 1741 qui
2151 1677 2348 1742 phleg-

147 1751 303 1797 mate
323 1750 534 1805 careat‚
561 1743 665 1797 fiat
691 1744 925 1810 digestio
946 1744 1222 1797 conclusa
1240 1745 1337 1797 vel
1356 1748 1419 1797 in
1438 1745 1582 1798 fimo
1604 1749 1824 1811 equino
1846 1748 2035 1800 calido
2056 1748 2151 1800 vel
2171 1751 2349 1800 etiam

148 1819 211 1869 in
234 1815 449 1869 balneo
467 1831 572 1880 per
591 1815 844 1881 spatium
863 1816 1092 1877 mensis,
1121 1824 1184 1868 ut
1210 1816 1406 1881 liquor
1425 1818 1754 1870 vitriolatus
1773 1818 1904 1870 suas
1925 1822 2230 1871 interiores
2249 1819 2348 1871 fae-

57 1907 102 1943 2⁰
149 1903 242 1941 ces
270 1888 543 1952 deponat,
572 1887 957 1953 spiritumque
982 1890 1108 1940 vini
1135 1889 1381 1941 imbibat
1409 1895 1465 1940 et
1493 1890 1748 1941 assumat.
1781 1890 2012 1953 Quibus
2041 1907 2144 1955 per
2172 1890 2347 1943 filtra-

147 1962 367 2012 tionem
394 1958 671 2024 separatis
698 1966 753 2011 et
779 1959 1061 2012 destillato
1087 1960 1225 2012 inde
1252 1962 1315 2012 in
1340 1960 1556 2012 balneo
1582 1960 1742 2013 lento
1762 1961 1962 2025 spiritu
1981 1965 2120 2023 vini,
2150 1969 2350 2031 manet

148 2033 210 2083 in
233 2029 418 2084 fundo
445 2031 676 2083 essentia
700 2031 919 2083 vitrioli
943 2031 1239 2096 praestanS,
1267 2047 1405 2096 quae
1429 2038 1648 2092 tamen,
1677 2048 1796 2097 quo
1823 2032 1952 2085 haec
1980 2049 2114 2098 quae
2135 2034 2256 2085 dixi
2276 2034 2348 2085 de

147 2102 345 2168 spiritu
357 2104 482 2155 vini
495 2102 708 2168 saepius
722 2105 1090 2173 reiterantur,
1113 2118 1185 2155 eo
1204 2103 1571 2168 praestantior
1584 2104 1794 2156 evadit.
1817 2105 1977 2156 Nam
1991 2104 2107 2169 ipse
2122 2104 2350 2169 spiritus

147 2176 271 2227 vini
298 2176 508 2227 amittit
540 2174 703 2227 suam
731 2177 1008 2227 virtutem
1039 2182 1094 2227 et
1121 2174 1550 2241 phlegmaticus
1579 2175 1840 2227 redditur
1869 2176 2180 2228 tribuendo
2214 2191 2348 2228 eam

57 2263 102 2299 25
149 2246 394 2298 essentiae
412 2244 630 2299 vitrioli
649 2246 937 2312 illamque
956 2246 1320 2312 corrigend0‚
1341 2247 1650 2312 purgando
1672 2254 1728 2299 et
1746 2248 2117 2299 maturando,
2146 2247 2263 2299 Hic
2283 2247 2348 2298 li-

149 2332 298 2383 quor
320 2317 537 2370 vitrioli
562 2318 885 2383 depuratus
912 2333 1039 2371 non
1064 2319 1390 2371 admodum
1416 2321 1567 2370 acris
1594 2326 1649 2371 et
1674 2334 1915 2371 amarus
1942 2319 2028 2382 (ut
2055 2318 2224 2382 alias)
2253 2319 2349 2371 sed

147 2388 436 2441 subdulcis
460 2391 524 2442 in
548 2404 735 2454 parva
761 2389 882 2442 dofi
908 2397 963 2442 et
989 2392 1366 2443 convenienti
1394 2390 1626 2455 liquore
1653 2391 1966 2455 assumptus
1993 2391 2270 2442 emendat
2297 2397 2351 2442 et

147 2459 309 2513 sanat
332 2460 572 2518 morbos
597 2461 747 2521 istos,
774 2461 847 2514 de
874 2461 1089 2526 quibus
1115 2460 1352 2523 dietum,
1379 2468 1506 2514 tum
1531 2477 1772 2527 quoque
1798 2477 1950 2526 pene
1972 2477 2179 2513 omnes
2200 2461 2349 2513 alios

0 2565 2 2573 ·
149 2531 452 2585 cerebrum
470 2536 723 2599 graviter
742 2532 1076 2586 infestantes
1096 2534 1495 2598 undecunque
1515 2534 1755 2586 tandem
1777 2534 2029 2585 obortOS.
2055 2532 2346 2585 Corrobo-

58 2621 103 2657 3⁰
148 2609 236 2656 rat
256 2606 433 2656 etiam
448 2604 815 2658 stomachum
830 2612 885 2657 et
898 2606 1319 2670 principaliora
1338 2605 1606 2658 membra
1625 2621 1749 2657 non
1768 2620 1997 2669 parum,
2018 2603 2349 2668 morbisque

147 2674 464 2728 mulierum
490 2676 806 2741 praesenter
833 2677 1113 2730 succurrit
1141 2677 1256 2730 five
1287 2693 1360 2729 ex
1388 2677 1773 2742 palpitatione
1801 2683 1904 2728 aut
1929 2676 2067 2728 huic
2095 2681 2351 2727 connata

147 2745 526 2816 suffocatione
546 2748 783 2801 obortis.
811 2748 996 2801 Potest
1015 2755 1217 2802 autem
1238 2748 1484 2801 exaltari
1506 2755 1560 2809 et
1581 2747 1966 2799 universalior
1986 2746 2165 2806 reddi,
2186 2746 2227 2797 fi
2246 2746 2348 2811 ipfi

148 2818 439 2871 addantur
474 2818 572 2872 hae
612 2819 1015 2874 Extraetiones
1053 2827 1232 2885 atque
1271 2821 1554 2872 Essentiae:
1597 2819 1975 2872 Corallorum
2013 2818 2347 2877 rubeorum‚

148 2889 607 2956 Margaritarum
634 2891 838 2958 Cranij
869 2892 1247 2945 Microcosmi
1275 2894 1539 2951 recentiS,
1571 2891 1731 2955 quod
1759 2897 1976 2942 terram
2002 2905 2125 2941 non
2151 2891 2348 2954 attigit,

56 2977 101 3014 35
149 2959 366 3027 Spodij,
381 2963 619 3016 Rasurae
635 2963 859 3030 Eho-ris,
875 2964 1291 3023 Sandalorum‚
1307 2964 1474 3028 Ligni
1488 2962 1689 3021 AloeS,
1704 2961 1854 3013 Visci
1867 2961 2166 3024 Quercini,
2182 2960 2348 3012 Poeo-

147 3035 264 3085 niae
284 3033 593 3087 Seminum
613 3041 669 3088 et
688 3035 992 3097 Radicum,
1014 3035 1262 3100 Spiritus
1278 3034 1656 3098 Camphorae‚
1679 3030 1933 3084 Extrac'ti
1954 3032 2349 3097 Hypericonis

148 3110 323 3169 atque
354 3105 646 3169 similium,
684 3123 821 3172 quae
854 3122 928 3159 ex
959 3106 1227 3172 specifica
1257 3113 1471 3158 natura
1503 3104 1620 3157 huc
1653 3104 2005 3163 conducunt,
2044 3105 2125 3154 ita
2156 3109 2220 3154 ut
2252 3117 2347 3153 ex-

147 3174 326 3229 tra&a
356 3177 645 3243 depurata
676 3185 732 3231 et
763 3178 933 3231 fimul
965 3176 1164 3231 iuncta
1195 3193 1304 3243 pro
1335 3179 1505 3229 tertia
1535 3183 1700 3241 parte
1732 3190 1868 3227 cum
1899 3171 2226 3239 supradicto
2253 3173 2348 3224 Vi-

14 3274 27 3311 χ
148 3247 300 3309 trioli
333 3249 565 3314 liquore
594 3253 931 3316 iungantur,
963 3250 1317 3303 misceantur
1346 3255 1401 3300 et
1429 3263 1534 3313 per
1562 3247 1787 3312 aliquot
1815 3246 2167 3311 septimanas
2195 3245 2348 3310 dige-

10 3361 13 3392 t
58 3333 104 3369 40
150 3325 368 3372 rantur.
404 3321 778 3374 Postmodum
811 3321 1049 3375 abiectis
1081 3320 1324 3373 faecibus
1355 3319 1773 3372 subsidentibus
1806 3318 2126 3369 reservetur
2155 3316 2350 3380 liquor
2439 3329 2446 3337 ·

148 3389 261 3442 five
288 3392 518 3445 essentia
543 3393 1041 3458 incomparabilis,
1070 3409 1206 3458 quae
1233 3396 1296 3444 in
1320 3407 1505 3456 parva
1532 3390 1651 3443 dofi
1677 3396 1840 3442 curat
1862 3404 2068 3441 omnes
2093 3387 2348 3468 morbos,

289 3473 358 3508 21·
2248 3474 2349 3523 qui
