2730 4264
111 1093 154 1128 10

109 1449 150 1484 15

102 2163 151 2198 25-

99 2876 145 2912 35

1093 289 1510 356 CARMINA

488 434 614 487 Sint
634 448 706 485 ea
721 448 863 485 vera
882 440 1105 494 tamem
1127 433 1269 498 quid
1290 435 1451 485 enim
1470 448 1595 485 non
1615 433 1908 486 credimus
1928 434 2123 495 amb0,

559 504 728 569 Quos
747 507 963 557 animis
983 519 1108 556 uno
1129 520 1374 569 corpore
1395 502 1571 557 nectit
1591 503 1815 557 Amor?

486 575 734 641 Pergula
754 575 960 640 (quarn
981 575 1123 639 dixi)
1146 592 1520 641 quaecunque
1540 583 1819 642 petuntur
1839 577 1916 630 ad
1935 583 2125 630 artem

557 647 899 699 Auriferam
920 646 983 711 (fi
1004 663 1124 711 qua
1144 647 1241 711 est)
1265 648 1599 701 exhibitura
1618 648 1769 709 [atiS,

486 719 780 771 Fornaces
799 721 1012 779 variaS,
1034 718 1338 780 carboneS‚
1359 719 1655 785 lampada,
1676 720 1967 781 flammaS‚

558 790 635 854 (Ο
656 789 918 842 flammae
938 789 1196 842 flammis
1217 791 1401 843 cedite
1423 791 1621 856 quaeso
1642 791 1837 855 meisl)
1860 786 1881 860 ΙΙ

486 861 744 914 Materia
763 861 860 913 hic
881 861 1080 922 deerit,
1102 877 1238 926 quae
1258 862 1341 914 sat
1360 865 1647 927 reperitur
1667 861 1926 928 ubique?

556 933 703 985 Vilis
724 939 779 985 et
798 932 929 985 haec
949 932 1132 985 fertur
1150 948 1260 985 nec
1280 934 1540 998 preciosa
1558 937 1753 987 nimis.

485 1004 605 1056 Hic
624 1004 883 1069 lapidem
903 1020 1124 1057 arcano
1144 1004 1314 1057 fimul
1334 1006 1511 1058 ambo
1531 1005 1864 1059 fovebimus
1884 1009 2034 1072 igne,

556 1076 789 1140 Nempe
811 1075 1105 1128 columbae
1127 1079 1255 1129 ovis
1275 1077 1499 1130 femina
1518 1075 1759 1142 masque
1781 1078 2013 1131 cubant.

485 1145 667 1199 Hunc
686 1147 728 1199 fi
747 1147 1058 1212 multiplici
1078 1150 1333 1200 nimium
1353 1148 1456 1201 sub
1477 1152 1690 1201 cortice
1710 1147 1927 1202 tedium

557 1219 852 1272 Credibile
874 1219 949 1271 est
968 1219 1122 1271 ullos
1143 1227 1280 1272 ante
1300 1220 1555 1272 habuisse
1577 1220 1826 1285 Sophos,

484 1290 627 1342 Non
648 1291 867 1352 dubito,
889 1294 1035 1356 quin
1053 1298 1118 1343 tu
1137 1292 1233 1343 vel
1253 1307 1361 1357 ego
1382 1295 1757 1344 inveniemus
1778 1293 2058 1354 eundem;

555 1361 658 1414 Sol
676 1369 843 1426 pater
864 1362 950 1426 (ut
970 1362 1252 1427 referunt)
1274 1363 1566 1428 Lunaque
1585 1370 1775 1416 mater
1795 1367 1917 1416 erit.

483 1433 574 1486 Sis
593 1436 767 1498 igitur
786 1433 963 1486 Titan
982 1434 1152 1486 Pater
1173 1442 1228 1500 et
1247 1434 1351 1486 fim
1371 1435 1619 1488 Femina
1639 1436 1827 1488 Lunae

553 1504 863 1557 Perfimilis
884 1506 1103 1566 Mater;
1124 1506 1294 1558 sexus
1316 1513 1370 1558 et
1391 1507 1537 1558 ordo
1553 1509 1781 1572 juvant.
1855 1517 1858 1520 ⁴

483 1575 720 1628 Scandit
739 1579 789 1628 is
809 1579 873 1629 in
893 1577 1093 1638 coeIOS,
1115 1580 1329 1630 iterum
1348 1584 1582 1630 terrena
1602 1578 1814 1638 revifit;

553 1647 646 1700 Sic
666 1653 900 1700 terrena
920 1652 1099 1701 etiam
1120 1650 1281 1701 dicor
1302 1664 1410 1714 ego
1430 1650 1679 1702 Urania.

481 1719 757 1771 Primitus
778 1727 833 1772 et
853 1719 1079 1784 Sophia
1098 1720 1221 1786 ipsa
1239 1736 1438 1782 vocor,
1459 1721 1611 1786 lapis
1630 1721 1729 1773 ille
1750 1721 2091 1786 Sophorum
2111 1722 2203 1784 est,

553 1790 815 1843 Forsitan
835 1791 974 1843 hinc
994 1792 1255 1844 nostrum
1275 1808 1499 1844 nomen
1520 1799 1575 1844 et
1596 1808 1775 1845 omen
1794 1792 1988 1846 habet.

481 1862 705 1914 Ventus
726 1869 781 1914 et
800 1861 961 1915 hunc
982 1869 1149 1915 utero
1170 1863 1353 1915 fertur
1371 1865 1632 1928 portasse,
1653 1864 1749 1916 vel
1768 1864 1870 1917 isto

551 1933 722 1985 Forte
744 1936 922 1986 etiam
942 1931 1104 1999 possit
1125 1938 1227 2000 qui
1247 1935 1500 1987 meliora
1519 1935 1668 1988 mihi
1689 1936 1780 1988 est.

480 2004 910 2070 Ingeniumque
932 2006 1146 2071 (ajunt)
1167 2006 1372 2059 subtile
1394 2014 1449 2059 et
1468 2007 1646 2059 suave
1666 2010 1925 2072 requirit,

551 2076 737 2129 Haud
759 2092 865 2143 ego
886 2079 1194 2143 grossitiem
1213 2078 1386 2131 fallar
1406 2079 1482 2132 ob
1503 2081 1740 2145 ingenij.

479 2147 573 2200 Sic
594 2148 798 2201 orbem
818 2148 980 2202 hunc
1001 2150 1260 2202 constare
1281 2156 1505 2215 putant,
1526 2150 1728 2203 sumus
1750 2150 1925 2203 Orbis
1945 2158 2208 2216 uterque,

550 2219 660 2271 Per
677 2235 774 2273 me
795 2220 949 2273 alius
968 2222 1230 2274 mundus
1249 2222 1536 2287 parvulus
1557 2224 1660 2275 esse
1681 2222 1877 2288 potest.

480 2290 766 2344 Colchide
786 2299 846 2344 at
866 2308 939 2344 ex
958 2296 1143 2345 veteri
1162 2310 1322 2346 nova
1342 2310 1446 2346 cur
1467 2294 1742 2360 exempla
1760 2300 2056 2359 petuntur,

549 2363 799 2428 Antiqui
819 2364 1122 2417 Hermetis
1143 2381 1247 2417 cur
1260 2368 1349 2418 -ita
1369 2364 1521 2419 dicia
1539 2364 1810 2431 placent?

479 2433 822 2498 Quaerimus
841 2435 963 2488 heu
981 2439 1162 2498 varie,
1183 2436 1512 2502 frustraque,
1529 2438 2094 2499 aliunde-vocamuS‚

549 2506 686 2559 Hoc
705 2506 839 2559 satis
859 2510 923 2559 in
941 2508 1114 2561 nobis
1135 2509 1297 2573 quod
1316 2509 1456 2562 latet
1476 2512 1617 2562 artis
1637 2525 1805 2574 opus,

479 2577 775 2643 Conjugio
796 2579 1104 2632 assimilant
1125 2596 1263 2632 cum
1282 2597 1413 2633 mas
1434 2588 1489 2633 et
1508 2581 1749 2641 femina,
1770 2588 2003 2646 ponunt

548 2649 764 2702 Mollia
782 2649 1065 2703 foecundo
1087 2667 1338 2717 corpora
1351 2655 1372 2718 j
1379 2651 1556 2706 uncta
1575 2652 1766 2705 thoro,

477 2719 920 2786 Contigeritque
940 2722 1056 2775 illis
1076 2724 1307 2788 prolem
1325 2724 1367 2776 fi
1387 2724 1629 2788 quando
1651 2727 1854 2785 creari,

547 2793 771 2844 Arcani
791 2793 1029 2858 Lapidis
1049 2798 1318 2860 protinus
1338 2796 1512 2847 instar
1532 2795 1725 2847 habet.

476 2863 663 2928 Inque
683 2871 852 2917 utero
873 2865 1056 2918 veluti
1075 2870 1331 2919 nutritur
1350 2867 1632 2932 sanguine
1649 2866 1846 2927 foetuS,

547 2934 641 2987 Sic
660 2935 914 3002 humore
933 2937 1038 2989 suo
1058 2938 1215 2990 fotus
1236 2945 1291 2990 et
1311 2938 1410 2990 ille
1429 2941 1599 3003 viget.

447 3082 449 3084 η
476 3005 896 3073 Ingenitusque
916 3008 1078 3062 velut
1099 3009 1260 3063 calor
1280 3017 1335 3061 et
1354 3010 1697 3062 moderatus
1717 3016 1772 3061 et
1792 3009 1947 3062 udus

547 3078 814 3131 Maturat
833 3088 1086 3144 partum,
1108 3082 1252 3133 dum
1271 3080 1430 3133 fovet
1449 3083 1583 3146 igne
1602 3080 1735 3143 levi,
1758 3076 1779 3148 ΙΙ

476 3148 570 3201 Sic
590 3152 769 3202 etiam
788 3150 1048 3216 lapidem
1067 3152 1294 3217 liquido
1314 3152 1554 3216 lenique
1575 3151 1771 3204 calore

547 3221 796 3274 Naturae
818 3223 894 3275 ad
913 3239 1207 3284 normam,
1230 3240 1350 3288 qua
1370 3224 1541 3276 datur
1561 3230 1702 3284 arte,
1722 3223 1939 3276 fovent.

475 3291 703 3345 Alterat
723 3295 996 3359 augendo
1017 3302 1081 3347 ut
1100 3295 1356 3347 formam
1375 3301 1683 3360 mutatque
1704 3294 1966 3347 colorem

548 3363 766 3426 InfanS,
788 3365 1036 3418 claustra
1054 3373 1219 3422 tener
1239 3364 1383 3418 dum
1402 3369 1710 3432 genetricis
1729 3365 1922 3430 habet,

2272 354 2274 356 Ι
2316 292 2408 346 197

2211 3438 2397 3489 Haud
