2730 4264
375 312 466 382 316
1053 311 1332 362 VARIAE
1357 311 1851 364 SCRIPTURAE

445 458 489 500 p.
508 447 595 490 212
619 458 663 490 ν.
683 447 827 490 7-10
852 447 1004 489 deleti
1029 450 1148 489 sunt
1172 446 1224 488 in
1250 446 1433 489 codice
1453 447 1858 500 Vindobonensi‚
1886 452 1939 491 at
1965 449 2018 492 in
2045 451 2277 505 margine
2302 453 2418 496 haec
2446 454 2531 496 ad-

375 506 502 548 didit
520 506 628 559 ipse
647 506 846 559 Tychot

763 574 903 626 Ergo
922 584 989 616 ea
1013 572 1312 616 Caesaribus
1330 584 1473 616 nunc
1493 573 1874 628 consecratque
1894 576 2143 630 dicatque

824 631 978 673 Fulta
998 630 1090 673 [ιώ
1109 630 1378 685 auspiciis,
1401 642 1597 685 magne
1617 632 1922 687 Rudolphe‚
1947 634 2077 687 tuis;

374 707 529 767 ‘atque
557 714 742 756 eadem
768 713 969 766 praebet
989 712 1287 755 Gassendus
1311 712 1417 768 (qui
1436 716 1616 756 tamen
1635 724 1700 756 ea
1722 714 1848 771 om.)
1941 725 1985 758 ν.
2005 716 2033 758 7
2059 716 2216 774 Ergo]
2245 715 2422 774 Quare
2447 730 2530 761 ex-

373 772 546 824 empla
567 771 897 825 Gottingense
917 773 969 812 et
988 770 1283 813 oxoniense
1343 781 1386 813 v.
1406 771 1434 813 9
1467 770 1682 815 Uraniae
1702 772 1983 827 hospitium
2005 777 2247 829 exempla
2266 777 2468 820 eadem.

562 888 637 922 AD
657 887 856 922 VERSUS
877 887 1197 923 STELLARUM
1219 888 1601 925 INERRANTIUM
1623 889 1999 926 RES'I'ITU'I'IONI
2022 892 2338 928 PRAEMISSOS.

440 967 483 998 ν.
507 955 559 998 13
585 956 650 998 de
678 955 825 997 varia
852 955 1006 1008 primi
1033 967 1217 998 versus
1245 955 1419 999 forma
1447 957 1550 1000 vid.
1579 959 1847 1002 annotatio
1875 959 2010 1002 infra
2040 972 2088 1013 p.
2109 960 2195 1002 327
2217 972 2292 1014 sq.
2324 962 2529 1016 adjecta

371 1024 413 1056 v.
433 1013 489 1056 26
513 1012 667 1069 locis]
690 1012 821 1055 viris
842 1013 1156 1057 Gassendus.

966 1131 1042 1165 AD
1063 1131 1291 1166 CARMEN
1313 1132 1502 1167 DANIAE
1521 1133 1596 1167 AD
1616 1133 1938 1169 TYCHONEM.

440 1209 484 1250 p.
503 1197 589 1241 213
608 1209 651 1242 ν.
671 1198 728 1241 35
753 1197 1037 1253 oaecutijsse
1057 1199 1109 1241 in
1128 1200 1318 1242 lacuna
1339 1200 1536 1243 addidit
1553 1200 1663 1255 ipse
1681 1201 1876 1254 Tycho.

439 1267 483 1309 p.
503 1256 590 1298 214
607 1267 651 1300 ν.
670 1256 698 1299 2
723 1257 978 1310 repetens
997 1269 1062 1300 ex
1081 1255 1298 1299 subiens
1318 1269 1452 1301 corr.
1474 1258 1584 1312 ipse
1603 1259 1782 1313 Tycho

1195 1375 1272 1410 AD
1294 1375 1701 1411 EPIGRAMMATA.

438 1453 480 1485 v.
500 1441 674 1485 23—24
699 1446 750 1485 et
774 1453 818 1485 ν.
837 1441 1011 1485 34-35
1035 1443 1199 1486 verba
1225 1443 1304 1485 IN
1319 1443 1521 1486 ARCE
1541 1442 2005 1488 CAESAREANA
2027 1445 2279 1489 BENNA
2289 1446 2450 1491 TICA
2479 1450 2530 1491 et

368 1499 448 1541 IN
469 1499 730 1543 EADEM
752 1499 953 1544 ARCE
974 1500 1173 1543 BENA
1184 1501 1253 1543 TI
1255 1500 1345 1544 CA
1374 1502 1543 1545 deleta
1569 1506 1688 1545 sunt
1712 1503 1765 1545 in
1791 1503 1974 1546 codice
2060 1515 2104 1548 ν.
2123 1504 2180 1547 25
2205 1508 2256 1548 et
2280 1516 2323 1549 ν.
2342 1505 2399 1549 39
2424 1506 2526 1549 vid.

369 1559 638 1602 annotatio
658 1559 792 1602 infra
813 1571 860 1613 p.
882 1559 968 1602 328
989 1559 1194 1614 adJecta
1254 1570 1297 1603 ν.
1316 1559 1374 1602 37
1398 1559 1691 1618 aequipara]
1711 1562 1941 1615 analoga
1961 1562 2182 1606 Vindob.
2209 1563 2363 1607 10702.

839 1677 914 1712 AD
934 1676 1135 1712 VERSUS
1156 1677 1473 1713 PRUTENICIS
1492 1678 1716 1714 TABULIS
1738 1679 2054 1715 PRAEMISSOS.

437 1755 482 1798 p.
501 1744 587 1788 215
606 1755 649 1788 ν.
669 1744 814 1788 8—15
838 1745 980 1799 prius
1000 1746 1071 1788 ita
1090 1745 1267 1800 scripti
1286 1745 1513 1789 fuerunt:

788 1825 1052 1884 Quamuis
1070 1826 1358 1870 Humanas
1380 1827 1566 1871 vescor
1580 1827 1897 1872 mortalibus
1916 1829 2064 1872 auris

856 1885 926 1927 Et
941 1885 1156 1928 mortali
1173 1884 1336 1928 etiam
1357 1886 1663 1930 conditione
1679 1897 1911 1941 premor,

784 1943 1040 1986 Attamen
1060 1944 1295 1987 aetetnos
1315 1954 1452 1998 quos
1469 1944 1686 1988 seruant
1703 1945 1914 2000 sydera
1934 1946 2113 1988 motus

859 2000 992 2044 Cum
1016 2002 1175 2045 uoluo
1194 2003 1251 2044 et
1267 2001 1499 2046 meditor
1512 2003 1574 2045 M
1571 2002 1737 2057 ystioa
1757 2002 1867 2046 fata
1882 2003 2012 2058 poli,

784 2059 907 2103 Non
931 2060 1083 2103 terrae
1102 2058 1273 2103 insisto
1292 2059 1368 2103 ast
1385 2062 1550 2115 caput
1564 2061 1708 2105 inter
1722 2061 1904 2105 nubila
1924 2062 2167 2105 condens

854 2117 1132 2161 Ambrosia
1151 2118 1206 2160 in
1226 2119 1363 2162 coelo
1382 2130 1504 2162 cum
1526 2120 1654 2163 Ioue
1673 2119 1816 2173 [aepe
1835 2119 2003 2173 fruor;

369 2202 422 2241 at
451 2210 547 2253 pro
579 2202 827 2253 quattuor
856 2199 1037 2254 primis
1067 2199 1304 2245 versibus
1336 2211 1442 2253 eos,
1477 2212 1608 2255 quos
1638 2201 1689 2244 in
1720 2204 1866 2244 textu
1897 2202 2150 2254 dedimus,
2183 2202 2389 2257 scripsit
2419 2203 2527 2257 ipse

367 2257 563 2311 Tycho‚
585 2258 716 2301 duos
736 2268 863 2301 vero
882 2258 1093 2302 ultimos
1114 2259 1316 2302 delevit.
