2730 4264
427 327 517 377 166
1156 323 1853 375 COMPOSITIONES

426 464 623 516 hibere
643 467 819 522 novit,
841 462 999 526 quasi
1018 461 1412 514 universaliter
1431 461 1666 513 curabit.
1695 461 1919 513 Restant
1938 461 2301 514 solummodo
2320 465 2369 515 is
2389 467 2489 527 qui
2508 479 2580 516 ex

425 535 746 597 podagricis
771 533 1125 583 fluxionibus
1152 538 1205 582 et
1230 530 1558 595 hydropicis
1584 537 1757 594 atque
1783 531 2073 591 fimilibuS,
2100 534 2201 595 qui
2221 547 2252 583 e
2271 531 2474 584 salium
2495 549 2579 585 re-

425 604 707 654 solutione
731 618 851 652 non
871 601 1121 652 naturali
1142 607 1195 651 et
1214 599 1607 663 intempestiva
1627 607 1727 651 aut
1747 601 2066 652 eorundem
2086 604 2450 653 concretione
2475 605 2579 653 im-

425 680 675 736 portuna
698 674 978 735 originem
1003 669 1255 727 trahunt,
1283 671 1384 732 qui
1409 669 1538 733 alijs
1563 670 1769 733 medijS
1794 686 1899 734 pro
1925 673 2135 722 maiori
2160 678 2320 734 parte
2340 673 2580 723 curandi

426 749 598 805 atque
612 741 844 791 levandi
858 740 1000 798 sunt,
1021 739 1197 789 modo
1214 738 1438 789 malum
1452 754 1574 790 non
1587 742 1761 791 nimis
1774 740 1887 791 alte
1901 741 2122 791 radices
2137 743 2311 804 egerit
2324 736 2346 808 ΙΙ
2360 741 2579 792 omnes·
2621 751 2677 795 6*

427 827 538 874 que
558 814 707 861 vires
733 809 1026 860 naturales
1046 807 1394 866 destruxerit,
1421 814 1484 859 ut
1508 808 1681 872 plane
1701 809 1762 860 fit
1781 809 2116 868 incurabile,
2144 810 2300 873 quod
2321 813 2454 861 etin
2474 826 2580 862 cae-

424 883 557 931 teris
577 877 1117 941 subintelligendum
1136 880 1309 928 venit.
1338 878 1496 928 Nam
1514 878 1655 930 talia
1673 879 1831 930 mala
1851 886 1904 930 et
1924 880 2199 930 divinitus
2218 879 2582 943 peculiariter

424 948 639 1000 inflicla
658 964 779 998 non
800 947 902 997 nifi
922 963 957 998 a
977 947 1096 997 solo
1117 947 1280 998 DEO
1300 948 1650 1017 immediate,
1670 948 1770 999 ubi
1789 949 2051 1008 voluerit,
2073 955 2363 1001 curantur.

494 1018 798 1080 Postquam
824 1017 951 1067 haec
976 1019 1038 1067 in
1063 1016 1276 1067 librum
1296 1017 1411 1068 Dn.
1433 1017 1764 1069 HENRICI
1785 1018 2213 1080 RANTZOVIJ
2238 1018 2465 1070 inscribi
2486 1034 2580 1070 cu-

424 1089 636 1146 rassem,
658 1089 738 1137 ita
758 1093 819 1137 ut
838 1089 948 1137 tria
966 1085 1107 1137 folia
1120 1089 1182 1137 in
1196 1086 1337 1137 folio
1351 1089 1421 1150 ijs
1436 1086 1863 1150 complerentur
1877 1090 2258 1141 conveniente
2272 1088 2419 1148 loc0‚
2440 1104 2580 1152 qua·
2633 1107 2673 1142 10

423 1173 554 1208 rum
568 1172 763 1207 rerum
777 1155 1214 1207 medicinalium
1226 1156 1553 1220 vulgarium
1567 1156 1885 1208 Teutonice
1899 1157 2251 1221 scriptarum,
2265 1165 2582 1222 antequam

422 1242 611 1277 novus
632 1226 702 1277 de
722 1226 921 1290 ijsdem
946 1228 1223 1289 inciperet
1242 1224 1595 1286 tractatuluS,
1623 1242 1693 1278 ea
1719 1242 1852 1290 quae
1878 1227 2194 1291 sequuntur
2212 1229 2390 1279 verba
2409 1228 2481 1280 ab
2501 1228 2582 1280 al·

422 1303 544 1347 tera
569 1296 745 1347 huius
771 1298 999 1360 paginae
1026 1303 1186 1359 parte
1212 1295 1478 1347 subscribi
1504 1299 1718 1347 curavi.
1746 1297 2044 1348 Distichon
2066 1313 2206 1349 vero
2231 1297 2375 1349 illud
2401 1304 2455 1349 et
2479 1313 2582 1349 no-

422 1382 559 1417 men
595 1381 811 1425 meum,
857 1381 1107 1429 quaeque
1144 1366 1476 1429 sequuntur,
1519 1366 1755 1429 ipsemet
1790 1370 2026 1430 propria
2062 1382 2245 1419 manu
2281 1371 2581 1420 annotavi:

422 1435 625 1487 Habes
655 1438 737 1486 mi
769 1436 884 1487 Dn.
912 1436 1263 1487 HENRICE
1296 1436 1665 1496 RANZOVI,
1698 1435 1891 1488 affinis
1923 1444 1977 1488 et
2007 1440 2193 1488 amice
2225 1436 2582 1498 dilefflssime,
2635 1455 2675 1502 1⁵

422 1521 555 1569 quae
575 1505 688 1556 hoc
708 1512 967 1569 tempore
986 1506 1089 1557 tibi
1106 1513 1160 1556 et
1175 1509 1289 1557 tuis
1304 1508 1737 1558 communicare
1752 1522 1783 1557 e
1796 1506 2020 1558 secretis
2034 1509 2171 1558 artis
2185 1507 2584 1572 Pyronomicae

422 1575 902 1635 concedebantur,
928 1591 1061 1639 quae
1080 1575 1211 1627 licet
1231 1578 1413 1627 cuivis
1432 1573 1745 1627 intellectui
1766 1577 2000 1628 obviam
2019 1592 2145 1628 non
2160 1577 2264 1628 fint
2285 1577 2585 1641 (liquidem

421 1648 723 1709 requirunt
739 1643 1092 1697 trac'tationis
1111 1648 1528 1709 experientiam
1543 1652 1597 1697 et
1610 1646 1840 1710 praxin)
1856 1646 1983 1698 fieri
1995 1646 2379 1699 nihilominus
2391 1647 2583 1711 potest,

421 1722 483 1767 ut
504 1715 679 1767 alicui
700 1731 731 1766 e
750 1718 862 1766 tuis
882 1716 1296 1776 successoribUS,
1317 1716 1358 1766 fi
1376 1731 1498 1767 non
1517 1716 1618 1767 tibi
1638 1716 1755 1779 ipfi,
1776 1716 1904 1768 haec
1923 1716 2051 1768 usui
2070 1716 2175 1768 fint
2193 1716 2402 1769 futura.
2427 1717 2585 1768 Nam

421 1786 542 1837 dies
569 1786 723 1837 diem
749 1786 929 1844 docet,
957 1792 1012 1837 et
1038 1789 1238 1838 omnia
1262 1793 1490 1850 tempus
1509 1785 1699 1837 habet.
1727 1786 1958 1838 Caetera
1978 1802 2111 1850 quae
2131 1787 2265 1838 DEI
2285 1787 2441 1838 dono
2462 1787 2583 1838 diu·
2632 1803 2677 1838 zo

420 1859 542 1907 tino
567 1855 783 1916 labore,
811 1856 1041 1919 sumptu
1061 1863 1115 1907 et
1135 1859 1493 1919 experientia
1513 1856 1813 1919 explorata
1830 1856 2099 1917 habe0,*fi
2118 1872 2252 1920 quae
2269 1856 2409 1909 scire
2429 1871 2583 1917 aveS,

421 1942 543 1977 non
563 1925 779 1986 celab0‚
800 1926 1165 1977 solummodo
1186 1925 1496 1990 expectem,
1518 1932 1581 1976 ut
1599 1926 1700 1978 tibi
1715 1932 1769 1977 et
1781 1929 1894 1978 tuis
1908 1929 2126 1979 intimis
2139 1927 2350 1979 secreta
2364 1926 2586 1991 (qualia

422 1999 597 2048 etiam
616 1995 766 2058 sunt)
788 1996 1210 2057 conserventur,
1231 2003 1358 2048 utut

815 2100 982 2153 Talia
1000 2116 1101 2154 me
1115 2100 1360 2167 patrias
1379 2100 1589 2154 fecere
1608 2100 1960 2168 relinquere
1971 2099 2156 2168 sedes
2162 2116 2182 2162 ,·

879 2170 985 2223 Sic
1002 2169 1209 2235 iuVisse
1229 2174 1424 2232 nocet,
1446 2185 1571 2224 non
1590 2169 1850 2235 nocuisse
1868 2170 2058 2224 iuvat.
2633 2188 2678 2223 25

1531 2275 1770 2329 TYCHO
1797 2277 2023 2328 BRAHE
2049 2276 2446 2359 OT'J'ONIDES,

1765 2362 1949 2398 manu
1967 2361 2219 2410 propria.

490 2451 604 2502 Die
630 2451 702 2502 13.
724 2451 1029 2502 Decembr.
1051 2452 1230 2503 Anno
1252 2451 1459 2503 Christi
1485 2452 1628 2511 1597,
1657 2453 1757 2516 qui
1783 2451 1928 2503 mihi
1954 2457 2088 2503 ante
2108 2452 2317 2503 Annos
2339 2451 2411 2504 51.
2433 2465 2586 2502 com-

419 2521 606 2585 pletos
624 2521 731 2572 fuit
750 2521 977 2573 natalis,

613 2732 680 2783 11.
727 2731 982 2783 ELIXIR
1009 2731 1611 2784 PESTILENTIALE
1637 2730 2046 2784 TYCHONIS
2072 2731 2396 2783 BRAHAEI
2575 2688 2577 2690 ·
2618 2739 2701 2784 254

1227 2813 1537 2866 NOBILIS
1563 2813 1783 2865 DANI.
2691 2831 2694 2834 ·

546 2907 607 2958 R.
631 2907 887 2959 Essentiae
906 2906 1265 2959 Theriacalis
1285 2922 1425 2958 mox
1445 2907 1830 2959 describendae
1850 2909 2054 2958 uncias
2073 2906 2361 2958 undecim.

629 2976 920 3030 Tincturae
941 2977 1249 3041 Sulphuris
1269 2977 1620 3041 Iuniperatae
1640 2977 1945 3028 succinatae
1966 2992 2096 3028 unc.
2118 2992 2316 3028 unam.

632 3046 881 3100 Extracli
901 3047 1215 3112 Angelicae,

632 3117 781 3169 Salis
801 3118 1115 3182 absynthei‚
2636 3132 2681 3168 3⁵

633 3188 889 3239 Essentiae
911 3188 1155 3240 Carabis
1176 3187 1293 3240 albi
1313 3203 1430 3239 ana
1449 3189 1687 3239 unciam
1705 3187 1889 3239 semis.
2729 3218 2730 3222 =

423 3256 608 3308 Simul
629 3258 714 3309 M.
737 3260 871 3309 etin
893 3258 1289 3317 Cucurbitam,
1317 3258 1451 3310 inde
1478 3257 1837 3309 affundendo
1858 3257 2002 3322 Spir.
2017 3257 2154 3309 Vini
2172 3255 2495 3308 Theriacal.
2516 3255 2590 3308 ab

424 3328 650 3378 essentia
681 3327 1009 3379 Theriacali
1043 3328 1163 3392 post
1195 3327 1631 3380 abstradtionem
1665 3327 1933 3379 reservati
1965 3334 2208 3386 tantum,
2244 3332 2307 3377 ut
2340 3332 2591 3447 qgatuor

2424 3411 2500 3460 igi
2524 3411 2589 3447 os
