2730 4264
836 336 1715 411 MEDICAMENTORUM
2286 340 2378 391 169

182 480 430 538 adaucta
457 495 561 545 per
586 478 620 531 6
645 476 1067 538 hebdomadas,
1098 478 1287 530 donec
1313 479 1731 530 Antimonium
1757 481 1818 529 in
1846 478 2151 543 pulverem
2178 480 2380 531 album

181 554 276 608 vel
293 551 621 605 subflavum
641 547 942 601 redactum
963 550 1407 613 quodammodo
1422 550 1610 602 fixum
1626 550 1852 602 evadat.
1876 550 1992 601 Hic
2007 550 2200 614 pulvis
2215 552 2379 602 Anti-

182 626 363 689 monij
387 625 564 675 etiam
583 623 646 672 in
666 620 869 683 aliqua
889 623 1062 686 copia
1081 621 1394 685 assumptus
1415 637 1539 674 non
1558 629 1781 686 purgat,
1804 636 1912 672 nec
1933 622 2237 685 quidpiam
2258 637 2379 673 cor-

182 711 292 764 pus
320 693 596 753 molestat,
626 691 722 743 sed
747 690 1120 743 solummodo
1146 691 1419 744 sudorem
1444 694 1818 744 moderatum
1845 708 1954 743 nec
1981 692 2381 744 debilitantem

116 787 138 822 ⁵
184 771 307 821 ciet.
329 765 421 818 De
442 779 562 829 quo
582 763 622 814 fi
642 765 805 827 prius
824 770 1173 827 praeparatae
1193 764 1504 815 medicinae
1525 779 1738 828 parum
1757 763 2165 823 immisceatur,
2193 764 2380 815 multo

183 838 376 893 adhuc
402 834 766 900 praestantior
791 842 847 885 et
874 832 1169 885 efficacior
1195 835 1271 886 ad
1298 850 1504 886 omnes
1531 835 1770 886 morbos
1798 835 2168 899 Epidemicos
2194 835 2380 886 reddi-

182 918 290 970 tur,
312 915 366 960 et
384 906 618 971 insuper
636 904 826 957 febres
844 904 1224 969 quascunque
1239 909 1345 957 rite
1360 906 1759 958 administrata
1773 914 1937 958 curat
1952 905 2380 959 obstructiones-

184 995 298 1046 que
317 981 518 1044 aperit.
544 1019 547 1022 Α

252 1052 447 1115 Atque
467 1048 598 1100 haec
619 1047 690 1100 de
710 1047 1007 1099 medicina
1027 1047 1384 1112 Epidemica,
1407 1064 1589 1112 quam
1604 1048 1893 1101 Caesareae
1908 1048 2055 1100 Tuae
2074 1048 2380 1108 Maiestati,

97 1142 138 1178 10
184 1129 354 1190 prout
374 1119 803 1173 clementissime
822 1118 1026 1177 voluit,
1048 1118 1381 1171 humillime
1403 1128 1458 1171 et
1477 1119 1725 1171 fideliter
1745 1120 2099 1185 consignavi:
2123 1128 2185 1171 ut
2204 1119 2380 1171 secre-

183 1201 304 1248 tam
322 1192 553 1252 habeat,
574 1190 794 1255 fibique
814 1189 919 1241 soli
939 1189 1203 1250 reservet,
1226 1190 1455 1242 demisse
1475 1199 1626 1255 pet0.
1655 1191 1831 1243 Mitto
1852 1207 1993 1243 vero
2014 1190 2290 1243 nonnihil
2310 1192 2381 1242 de

185 1265 407 1325 eadem,
434 1270 728 1328 quatenus
754 1261 910 1313 hanc
936 1263 1102 1313 iuxta
1127 1264 1387 1326 priorem
1413 1261 1809 1327 descriptionis
1835 1270 2063 1326 partem
2084 1262 2382 1314 absolvere

183 1337 359 1397 licuit,
387 1349 522 1400 quae
549 1336 728 1386 etiam
746 1332 946 1384 valida
973 1332 1063 1392 est,
1091 1340 1268 1397 atque
1290 1332 1455 1385 DEO
1478 1334 1652 1385 dante
1673 1336 1736 1385 in
1755 1333 1969 1385 talibus
1988 1333 2208 1385 morbis
2234 1349 2381 1397 prae-

87 1419 145 1464 30
184 1408 310 1461 sens
329 1405 659 1468 remedium
679 1403 930 1457 exhibet.
959 1398 980 1472 ΙΙ
1007 1403 1216 1469 Estque
1236 1404 1366 1456 haec
1387 1408 1590 1469 purior
1618 1411 1672 1456 et
1697 1405 2058 1469 praestantior
2086 1406 2172 1465 ea,
2201 1420 2383 1468 quam

20 1555 23 1558 Δ
99 1499 139 1534 15
187 1478 458 1533 Caesarea
474 1476 752 1529 Maiestas
765 1475 898 1527 Tua
912 1491 949 1527 a
962 1475 1066 1527 suo
1082 1475 1414 1540 Capitaneo
1435 1491 1539 1540 per
1558 1491 1654 1527 me
1676 1479 1852 1528 etiam
1872 1484 2141 1540 paratam
2160 1475 2381 1527 habuit.

255 1550 432 1603 Hanc
463 1555 527 1601 ut
559 1547 834 1601 Caesarea
866 1546 1143 1599 Maiestas
1175 1547 1308 1599 Tua
1340 1547 1612 1599 clementi
1644 1550 1846 1599 animo
1879 1549 2157 1611 accipere,
2196 1548 2383 1599 donec

184 1622 356 1688 plura
374 1619 728 1685 eiuscemodi
741 1626 797 1671 et
811 1621 1044 1671 maiora
1058 1621 1121 1670 in
1135 1620 1263 1670 eius
1277 1621 1525 1684 gratiam
1538 1634 1748 1683 parare
1764 1622 2130 1683 oportunitas
2145 1619 2382 1677 dederit,

185 1709 308 1752 non
321 1693 680 1757 dedignetur,
696 1688 1088 1743 subiectissime
1104 1705 1228 1742 oro.
1245 1690 1455 1742 DEUS
1471 1693 1726 1755 optimus
1741 1693 2038 1741 maximus
2051 1689 2384 1742 Caesaream

185 1765 377 1817 Tuam
392 1763 760 1816 Maiestatem
774 1762 848 1814 ab
864 1764 1030 1813 omni
1043 1762 1206 1814 malo
1221 1769 1471 1813 tueatur.
1487 1762 1661 1813 Datae
1679 1777 1751 1813 ex
1765 1764 1917 1812 Arce
1934 1761 2221 1813 Caesareae
2236 1761 2383 1812 Tuae

94 1853 140 1890 2⁰
187 1835 505 1889 Maiestatis
525 1834 830 1887 Benachia
850 1834 943 1886 die
963 1834 996 1886 7
1018 1834 1373 1898 Septembris
1394 1834 1558 1885 Anni
1578 1834 1663 1885 99.

1729 1928 1969 1980 TYCHO
1998 1928 2241 1979 BRAHE.

330 3490 376 3524 22
2007 3469 2385 3524 CARMINA
