2730 4264
412 333 503 385 174

412 2562 461 2607 [E
483 2561 692 2598 Laurentii
710 2561 878 2598 Asseroi
896 2562 1216 2607 Inscriptionum
1237 2561 1557 2598 Selandicarum
1577 2562 1728 2597 Daniae
1746 2562 2026 2607 Antigtaphis
2046 2560 2247 2603 (Hauniae
2270 2561 2374 2603 1621)
2394 2560 2463 2596 fol.
2484 2559 2516 2604 1]

1291 331 1697 383 CARMINA

317 504 320 507 s
414 469 488 515 [Ex
506 469 701 515 excerptis
723 468 1052 514 Langebekianis
1073 467 1392 504 Hauniensibus
1413 478 1471 504 nr.
1495 466 1575 511 178]

416 569 513 628 M.
536 567 945 628 ANDREAE
970 565 1389 624 WELLEIO
1426 564 1820 625 SAXONIS
1855 565 2387 626 INTERPRETI
2424 567 2567 627 EX-

460 656 982 721 QUISITISSIMO
1011 655 1112 705 OB
1139 653 1637 705 DESIDERATAE
1662 655 1902 706 PAPIRI
1929 655 2525 707 DETESTANDAM

522 736 966 790 CARITATEM
993 734 1225 786 NUNC
1252 734 1534 786 MISERE
1561 735 1756 787 SUOS
1782 736 2131 788 LABORES
2156 735 2324 788 TAM
2351 738 2458 788 IN·
2567 797 2574 802 ,

595 817 848 870 DIGNE
873 814 1296 867 PERITUROS
1323 815 1822 868 DEPLORANTI
1848 817 2022 869 HOC
2049 818 2383 869 CARMEN

755 897 869 948 AD
895 896 1099 948 SPEM
1125 895 1593 958 EXEQUENDI
1620 897 1883 949 OPERIS
1910 898 2007 949 ET
2031 899 2224 950 LIBE-

904 977 1124 1029 RALIS
1151 977 1680 1029 CONSTANTIAE
1706 979 2077 1032 IMPETUM

1229 1057 1293 1110 T.
1315 1059 1378 1110 Β.
1406 1059 1752 1111 SCRIPSIT.

874 1151 1149 1203 RGONE
1169 1151 1417 1203 Saxonis
1436 1154 1758 1204 morientur
1776 1152 1980 1216 scripta
1999 1153 2185 1204 diserti

891 1220 1295 1285 Deficiensque
1315 1222 1417 1273 tibi
1436 1228 1518 1272 tot
1537 1220 1708 1272 fortia
1726 1220 1875 1273 faeta
1894 1225 2154 1274 virorum

759 1291 1025 1343 Deficere
1045 1297 1331 1343 aeternum
1352 1298 1516 1356 cogat
1534 1297 1655 1343 tam
1676 1306 1811 1342 cara
1829 1291 2102 1355 papirus?

759 1362 985 1426 Ergone
1005 1363 1297 1425 perpetuis
1316 1361 1609 1425 sopientur
1629 1359 1834 1412 cuneta
1852 1362 2117 1422 tenebriS‚

759 1431 1112 1495 Bellipotens
1131 1430 1328 1483 multis
1349 1446 1483 1495 quae
1502 1431 1650 1495 gessit
1670 1431 1869 1482 Dania
1887 1431 2046 1483 seclis
2058 1430 2085 1483 Ρ

758 1501 869 1553 Tot
888 1501 1068 1565 Reges
1086 1500 1370 1565 fortesque
1391 1501 1566 1552 duces
1585 1500 1885 1564 tantosque
1905 1504 2160 1566 gigantes

759 1571 1051 1636 Holgeros
1070 1571 1424 1635 Frothol'que
1444 1586 1652 1635 graues
1671 1570 1939 1634 Risosque
1961 1571 2254 1623 Rolandos

758 1642 950 1693 Parua
968 1641 1153 1693 subire
1173 1644 1384 1693 iterum
1402 1643 1692 1705 permittat
1712 1641 1933 1692 cartula
1951 1641 2234 1693 mortem?

759 1711 856 1776 Dij
879 1710 1179 1775 prohibete
1199 1711 1380 1771 nefaS‚
1402 1718 1455 1763 et
1473 1726 1579 1763 vos
1598 1710 1898 1775 prohibete
1918 1711 2148 1774 puellae,

759 1782 964 1833 Lintea
984 1784 1127 1845 quin
1145 1783 1338 1846 potius
1357 1781 1549 1833 vestris
1568 1787 1866 1833 remouete
1886 1781 2111 1833 lacertis

760 1851 829 1903 Et
847 1850 992 1903 forte
1014 1858 1226 1916 optatae
1247 1867 1403 1903 nunc
1424 1851 1787 1903 conficienda
1805 1854 2026 1915 papiro,

760 1922 906 1973 Ecce
925 1921 1057 1973 suos
1078 1921 1245 1973 offert
1265 1921 1528 1986 expanfis
1549 1921 1760 1973 Scania
1779 1921 1989 1985 palmis

759 1990 1043 2051 ArtificeS,
1063 1994 1267 2056 patriae
1286 1998 1483 2056 pereat
1502 2007 1577 2043 ne
1597 1991 1780 2056 gloria
1799 1994 1997 2055 gentiS‚

760 2062 873 2114 Sed
891 2061 1158 2125 prohibet
1176 2061 1335 2113 duris
1355 2061 1572 2113 inclusa
1591 2064 1842 2125 pecunia
1860 2061 2065 2113 vinclis

761 2132 886 2183 Nec
906 2131 1031 2183 finit
1051 2134 1307 2197 egregios
1326 2131 1518 2183 lucem
1536 2130 1785 2196 spectare
1805 2131 2049 2183 labores,

761 2201 814 2254 Ο
835 2202 1057 2265 semper
1076 2201 1245 2253 claris
1264 2201 1451 2254 inuisa
1469 2203 1721 2265 pecunia
1738 2199 1922 2253 saetis!

762 2272 815 2324 O
835 2271 1057 2336 semper
1075 2287 1271 2323 rerum
1291 2274 1605 2323 commixta
1623 2274 1873 2335 pecunia
1892 2270 2044 2322 fatisl

562 2659 1135 2721 EPITAPHIUM
1165 2659 1436 2733 QUOD
1466 2660 1563 2719 IN
1588 2659 1965 2720 TEMPLO
1995 2659 2434 2719 HELSING-

856 2750 1254 2803 BURGENSI
1280 2749 1747 2803 SUSPENSUM
1774 2749 2132 2801 LEGITUR.

804 2843 1099 2897 XUVIAS
1119 2843 1320 2895 abiens
1340 2843 1468 2895 tulit
1486 2843 1602 2895 huc
1623 2843 1988 2894 KIRSTINA
2007 2842 2265 2901 tenellaS‚

876 2913 1028 2978 Quae
1049 2913 1373 2965 BRAHAEI
1394 2913 1536 2965 olim
1556 2914 1714 2965 Nata
1733 2913 2139 2965 TYCHONIS
2160 2918 2296 2964 erat.

691 2984 797 3036 Illa
817 2985 1054 3048 quidem
1074 2984 1372 3036 modicum
1390 2983 1597 3035 mundi
1615 2983 1722 3035 fuit
1740 2983 1935 3035 incola
1954 2990 2203 3047 tempus:

760 3055 988 3106 Interea
1005 3054 1250 3106 modicis
1269 3069 1391 3106 non
1410 3061 1608 3106 tamen
1628 3052 1797 3105 aue‘ta
1815 3053 1999 3104 boniS.

692 3125 931 3189 Ingenio
951 3124 1151 3176 sexum
1171 3124 1475 3189 superavit,
1496 3125 1756 3176 moribus
1777 3138 1982 3183 annOS,

762 3194 990 3259 Eloquij
1013 3202 1175 3260 grata
1195 3195 1530 3246 dexteritate
1553 3209 1737 3258 pareS.

692 3265 841 3329 Ergo
862 3264 1015 3317 hanc
1035 3280 1169 3329 quae
1190 3265 1425 3317 dederat
1443 3264 1626 3316 subito
1648 3264 1876 3315 Natura
1896 3265 2123 3327 recepit,

762 3334 1068 3387 Consuetis
1087 3337 1280 3387 maius
1299 3350 1373 3387 ne
1394 3335 1533 3398 quid
1553 3334 1753 3386 adulta
1771 3333 1932 3385 foret.

2423 3400 2577 3451 Vivit

2617 836 2639 870 5

2622 1241 2663 1275 10

2623 1589 2663 1623 1⁵

2620 1937 2665 1972 20

2621 2286 2666 2321 25

2623 2925 2666 2960 30
