2730 4264
435 337 524 388 154
839 332 1481 385 ADDITAMENTA
1507 332 1627 383 AD
1653 332 2177 385 APOLOGIAM

434 474 617 525 fiones
643 489 792 537 aegre
818 473 1066 531 tulerint,
1094 474 1235 534 quin
1256 477 1310 521 et
1329 473 1538 534 gratias
1561 470 1807 534 insuper,
1834 471 1907 523 ob
1935 474 2236 523 certiorem
2254 475 2316 523 in
2333 475 2587 525 veritatis

432 544 692 595 semitam
717 540 1127 599 reductionem,
1153 540 1298 591 mihi
1325 538 1567 591 candide
1588 547 1641 591 et
1660 543 1910 604 ingenue
1937 544 2167 605 egerint.
2195 541 2365 593 Solus
2390 549 2586 594 autem

431 616 701 664 inventus
717 612 789 663 est
803 615 949 662 inter
963 625 1167 661 omnes
1184 610 1278 660 hic
1292 608 1512 668 ScotuS,
1533 611 1634 672 qui
1647 609 1701 660 se
1715 610 1915 662 nostris
1929 610 2365 675 Antagonistam
2378 610 2586 663 offerre

433 685 744 741 attentavit,
782 680 957 743 idque
989 680 1061 730 ab
1093 681 1257 729 initio
1288 693 1409 729 non
1440 679 1733 730 malevolo
1765 686 1865 731 aut
1895 682 2186 744 arroganti
2218 680 2324 743 (uti
2354 681 2586 745 opinor)

432 755 647 810 anim0,
673 751 767 801 sed
791 749 1015 813 placide
1042 755 1095 799 et
1121 751 1307 799 amice
1332 747 1404 799 de
1429 747 1521 799 his
1541 748 1891 810 conferendi,
1917 752 2335 814 veritatemque
2356 750 2586 814 plenius

432 821 671 872 eruendi
700 826 752 870 et
781 817 1096 869 illustrandi
1125 817 1311 876 causa,
1345 818 1618 881 quodque
1647 818 1997 870 Aristoteleis
2026 819 2388 883 dogmatibus
2416 819 2587 884 supra

429 891 671 941 modum
698 889 804 951 (uti
827 890 1001 938 etiam
1022 887 1178 950 apud
1198 887 1344 938 alios
1365 889 1426 938 in
1445 887 1638 939 Scotia
1657 888 1927 948 erudito&
1955 896 2009 940 et
2033 888 2171 940 alibi
2197 903 2432 953 quoque
2456 889 2587 953 plus
2682 899 2684 902 ’

429 959 570 1010 iusto
599 958 704 1008 usu
728 957 907 1019 venit)
938 954 1197 1007 addictus
1227 957 1366 1007 esset.
1397 957 1511 1008 His
1539 960 1696 1008 enim
1725 958 2013 1009 nonnulla
2041 958 2359 1010 admodum
2387 959 2586 1011 adver-

428 1029 610 1079 santia
635 1030 698 1077 in
721 1027 981 1078 medium
1006 1026 1378 1090 protuleram,
1406 1032 1461 1078 et
1486 1042 1517 1078 e
1542 1030 1680 1079 ratis
1706 1027 2199 1079 observationibus
2219 1027 2586 1082 Geometrice

429 1097 902 1150 demonstraram:
946 1095 1275 1159 praesertim,
1315 1104 1600 1160 quantum
1637 1097 1712 1148 ad
1731 1096 1914 1148 'fitum
1953 1098 2333 1149 Cometarum
2369 1101 2584 1159 attinet,

428 1183 603 1231 quem
630 1182 735 1231 ego
762 1168 1004 1217 omnino
1031 1166 1316 1218 coelestem
1337 1167 1437 1218 esse
1457 1166 1662 1229 probo:
1691 1166 1956 1231 Stagirita
1974 1182 2114 1219 vero
2139 1167 2253 1227 ille,
2278 1167 2379 1220 sub
2403 1170 2443 1230 c(
2467 1183 2585 1220 me-

425 1244 631 1288 teoron
660 1251 731 1287 ex
759 1236 850 1287 his
879 1235 1119 1300 fingenS,
1149 1236 1531 1300 posteritatem
1560 1236 2024 1300 Philosophicam
2051 1252 2088 1288 a
2114 1239 2371 1289 veritatis
2398 1237 2585 1302 scope,

426 1314 488 1358 ut
509 1313 563 1357 et
581 1309 643 1357 in
662 1305 966 1370 plaerisque
986 1305 1132 1370 aliJs,
1159 1306 1270 1356 hAc
1295 1309 1357 1357 in
1381 1313 1543 1370 parte
1566 1321 1872 1370 perperam
1890 1306 2125 1358 seduxit.
2151 1307 2353 1359 Pulcre
2372 1322 2512 1359 vero
2532 1314 2587 1359 et

2638 1115 2680 1150 10

426 1376 677 1440 appofite
707 1376 926 1434 accidit,
957 1375 1114 1439 quod
1142 1375 1507 1427 solummodo
1535 1378 1598 1427 in
1626 1375 1737 1427 hac
1765 1376 1987 1428 boreali
2014 1377 2221 1428 mundi
2247 1376 2434 1442 plaga,
2466 1379 2586 1429 imo
2667 1404 2669 1406 ·

424 1446 524 1498 sub
558 1446 763 1498 eadem
796 1461 929 1497 cum
960 1445 1165 1497 nostrae
1196 1447 1400 1509 patriae
1429 1448 1555 1497 axis
1584 1446 1717 1497 coeli
1748 1446 2140 1506 inclinatione,
2171 1446 2474 1498 hominem
2500 1449 2585 1499 in-

426 1519 702 1576 venerim,
731 1516 997 1579 adeoque
1022 1518 1085 1567 in
1111 1516 1307 1580 Regno
1336 1515 1474 1567 huic
1501 1518 1705 1579 patriae
1731 1515 1928 1567 illustri
1955 1515 2235 1568 affinitate
2261 1514 2585 1577 coniuncto,

425 1586 715 1638 eruditum
731 1585 866 1637 sane
883 1586 1056 1646 hunc,
1079 1593 1132 1637 et
1145 1589 1208 1637 in
1221 1585 1655 1638 Mathematicis
1669 1588 1931 1649 apprime
1943 1585 2233 1638 versatum
2247 1586 2415 1649 (alias
2429 1588 2587 1638 enim

425 1656 700 1719 quicquid
716 1655 828 1707 five
848 1659 913 1715 is,
933 1655 1046 1707 five
1066 1655 1216 1707 alius
1238 1656 1563 1716 adduxisset,
1585 1658 1884 1720 ingenium
1903 1671 2026 1708 non
2043 1655 2391 1719 moraretur)
2413 1655 2586 1720 quise

423 1726 624 1777 nostris
644 1741 940 1789 opponere
960 1725 1120 1777 haud
1136 1726 1340 1777 timido
1355 1733 1409 1777 et
1423 1727 1691 1790 degeneri
1705 1729 1905 1777 animo
1919 1725 2091 1777 ausus
2105 1725 2182 1785 fit,
2204 1726 2361 1790 quod
2375 1725 2587 1778 etmihi

422 1796 517 1848 vel
535 1796 626 1847 his
647 1796 718 1847 de
739 1795 919 1847 caufis
939 1798 1180 1847 minime
1199 1798 1489 1861 ingratum
1510 1796 1730 1847 accidit.
1745 1795 1965 1847 Verum
1986 1799 2284 1848 enimvero
2298 1811 2372 1847 ne
2385 1795 2480 1847 vel
2491 1795 2586 1848 hic

422 1866 554 1930 ipse,
574 1865 669 1917 vel
688 1866 784 1930 alij
807 1866 1318 1930 Peripateticorum
1338 1866 1675 1930 dogmatum
1695 1865 1854 1930 quali
1878 1868 2052 1918 iurati
2072 1866 2287 1918 asseclae
2308 1865 2585 1918 existima-

422 1944 564 1995 rent,
585 1936 800 2000 sibique
822 1943 875 1987 et
894 1938 1106 2000 negotij
1129 1935 1306 1987 huius
1325 1938 1540 2000 ignaris
1558 1936 1982 2000 persuaderent,
2003 1951 2090 1996 ea,
2111 1940 2246 2000 quae
2262 1936 2334 1988 de
2346 1934 2458 1988 hoc
2473 1935 2586 1988 Co-

423 2008 579 2058 meta
596 2006 959 2070 protulimuS,
982 2007 1083 2057 esse
1103 2006 1176 2058 ab
1196 2006 1299 2057 illo
1313 2012 1434 2058 tam
1446 2006 1655 2058 validis
1667 2012 2146 2070 argumentorum
2160 2007 2359 2058 cuneis
2373 2005 2585 2066 eversa,

422 2083 486 2128 ut
499 2076 791 2128 consistere
806 2076 1059 2140 amplius
1072 2079 1394 2139 nequirent,
1410 2079 1867 2140 operaeprecium
1881 2076 2038 2136 duxi,
2058 2076 2390 2141 apologiam
2403 2090 2585 2140 quan-

423 2147 560 2202 dam
580 2149 705 2198 eius
724 2149 1029 2198 ratiocinia
1049 2153 1104 2198 et
1124 2145 1475 2199 obiectiones
1493 2146 1816 2198 luculenter
1836 2146 2154 2198 diluentem
2174 2146 2438 2198 eidemin
2452 2145 2584 2198 Sco-

421 2219 563 2269 tiam
583 2219 888 2276 remittere,
909 2219 1086 2280 atque
1103 2215 1256 2268 hanc
1277 2219 1453 2268 etiam
1473 2216 1815 2280 quibusdam
1829 2219 1891 2267 in
1905 2215 2231 2268 Germania
2245 2217 2441 2280 peritis
2455 2215 2585 2268 Ma-

420 2287 745 2338 thematum
766 2302 837 2338 ex
857 2289 1058 2338 amicis
1077 2286 1278 2338 nostris
1297 2286 1748 2351 manuscriptam
1771 2282 2221 2346 communicare,
2246 2292 2310 2338 ut
2334 2285 2419 2337 illi
2443 2297 2602 2350 quo--

422 2373 535 2421 que
550 2357 620 2408 de
635 2357 745 2407 hac
759 2359 907 2408 inter
920 2372 1029 2408 nos
1040 2359 1226 2408 amice
1236 2358 1397 2408 mota
1407 2356 1791 2408 controversia
1800 2356 1902 2409 sua
1913 2359 2344 2421 interponerent
2355 2355 2585 2417 iudicia,

422 2434 491 2487 et,
513 2427 553 2478 fi
571 2426 698 2478 fieri
717 2428 903 2491 posset,
926 2427 1087 2478 litem
1105 2426 1259 2478 hanc
1277 2426 1739 2491 philosophicam
1759 2427 2114 2478 dirimerent:
2140 2425 2329 2490 ficque
2349 2427 2471 2478 una
2487 2425 2585 2478 ille

420 2497 674 2557 haberet,
696 2498 907 2561 quibus
920 2497 1038 2548 suae
1053 2499 1502 2562 oppugnationis
1515 2496 1927 2556 infirmitatem,
1945 2496 1985 2548 fi
1998 2496 2186 2556 vellet,
2208 2495 2584 2561 cognosceret,

420 2574 595 2631 atque
616 2583 653 2618 a
670 2574 1024 2631 praeceptore
1044 2567 1344 2619 Aristotele
1366 2567 1568 2619 frustra
1587 2567 1755 2618 illum
1773 2573 1948 2631 atque
1969 2566 2116 2618 alios
2135 2569 2199 2618 in
2218 2567 2389 2618 devia
2406 2565 2585 2619 abdu-

421 2645 583 2689 cente
601 2637 925 2698 desciscens,
943 2638 1018 2689 ad
1031 2640 1286 2689 veritatis
1305 2640 1596 2689 tramitem
1616 2637 1835 2701 (quoad
1848 2636 1975 2688 fieri
1988 2636 2180 2700 posset)
2201 2642 2584 2689 revocaretur.

420 2708 506 2759 Ex
526 2723 644 2771 quo
665 2710 835 2773 igitur
854 2706 1004 2773 docti
1016 2710 1193 2772 variJ‘s
1207 2710 1269 2759 in
1282 2707 1423 2759 locis
1438 2707 1841 2759 Mathematici
1855 2707 1967 2758 hoc
1980 2707 2407 2775 apologeticum
2419 2706 2585 2771 scrip·

419 2785 544 2829 tum
568 2778 980 2842 perspexissent,
1007 2793 1130 2829 non
1154 2777 1353 2829 saltem
1371 2780 1674 2829 veritatem
1698 2777 1794 2828 hic
1814 2793 1850 2829 a
1869 2777 2038 2829 nobis
2056 2776 2264 2828 validis
2284 2782 2340 2828 et
2360 2774 2586 2828 invictis

419 2849 741 2900 rationibus
766 2854 1192 2912 propugnatam
1216 2847 1332 2900 fassi
1356 2847 1500 2908 sunt,
1527 2847 1621 2899 sed
1647 2853 1701 2899 et
1727 2847 2067 2907 consultum,
2093 2846 2349 2911 utileque
2368 2846 2584 2899 iudica-

419 2925 569 2979 runt,
590 2925 653 2969 ut
672 2918 816 2970 illud
838 2921 1012 2970 etiam
1032 2919 1250 2982 publici
1269 2920 1411 2970 iuris
1431 2917 1609 2977 fieret,
1632 2917 1916 2969 Cometici
1937 2917 2022 2981 (ut
2033 2916 2106 2968 fic
2119 2916 2351 2981 loquar)
2371 2918 2582 2981 negotij

419 2988 661 3040 ulterius
686 2988 1020 3048 illustrandi,
1047 2995 1221 3052 atque
1247 2987 1321 3040 ab
1346 2990 1575 3053 iniurijs
1597 2988 1966 3048 AristoteleiS,
1993 2986 2228 3051 eiusque
2253 2985 2583 3039 fumositati-

419 3059 543 3118 buS‚
571 3059 782 3122 quibus
802 3058 1244 3110 obtenebratum
1264 3065 1401 3119 erat,
1421 3059 1757 3110 vindicandi
1775 3058 2177 3122 purgandique
2197 3057 2396 3109 caussa.
2424 3055 2585 3120 Quin

420 3135 474 3180 et
498 3128 614 3192 ipse
643 3132 727 3191 (ut
750 3135 804 3180 et
829 3128 941 3180 hoc
967 3128 1202 3191 addam)
1229 3128 1422 3192 postea
1447 3129 1621 3193 plane
1648 3129 1952 3187 obmutuit,
1978 3127 2242 3191 nihilque
2268 3127 2343 3179 ad
2366 3125 2585 3178 nostras

2639 1463 2680 1498 15

2633 2160 2680 2195 25

2633 2833 2730 2897 3ss

2723 3056 2730 3145 2ss

419 3199 822 3262 replicationes
837 3206 891 3250 et
905 3199 1234 3260 dilutioneS,
1251 3205 1380 3250 utut
1392 3198 1566 3250 semel
1580 3204 1754 3263 atque
1767 3201 1978 3256 iterum
1990 3213 2093 3261 per
2106 3197 2300 3249 literas
2313 3196 2424 3248 hac
2437 3196 2508 3248 de
2521 3203 2591 3248 re·
2631 3210 2679 3246 40
2720 3182 2730 3265 ςῖ

419 3269 767 3328 admonituS‚
789 3269 1096 3333 interlapso
1116 3272 1237 3321 iam
1255 3269 1436 3320 ferme
1455 3269 1710 3329 bienni0,
1733 3283 1804 3320 ex
1824 3283 1942 3333 quo
1961 3267 2293 3333 apologiam
2312 3266 2475 3319 illam
2493 3281 2584 3319 ac·

419 3341 583 3402 cepit,
605 3341 849 3390 omnino
868 3339 1172 3403 respondit.
1194 3339 1367 3391 Unde
1379 3338 1767 3403 praesuppono
1781 3338 1925 3391 illud
1938 3337 2355 3390 Terentianum
2365 3335 2583 3458 :facien

2269 3422 2379 3459 con
2404 3422 2479 3458 en
2522 3421 2584 3458 re

2702 3813 2730 4073 “urowa-azam
2711 3820 2714 3831 >
2715 3796 2730 3808 λ,
2708 3704 2724 3786 fff
2710 3605 2730 3695 »ἰωῇ
2715 3530 2719 3558 ⁴
2705 3498 2721 3518 4
2714 3303 2730 3488 ,ῖττὴνῑ-ν-*ΐ
