2730 4264
693 319 1393 373 ANNOTATIONES
1425 318 1895 371 EDITORUM
2302 319 2406 371 323

193 462 367 518 (natus
404 460 532 513 1526,
568 463 812 505 mortuus
848 459 994 517 1598),
1031 460 1198 504 homo
1235 459 1523 504 ditissimus
1554 462 1607 503 et
1638 458 1934 503 litterarum
1970 458 2405 511 studiosissimus,

194 534 391 577 multos
410 544 506 588 per
524 544 694 577 annos
714 532 893 576 fautor
912 531 1010 575 fuit
1027 531 1310 587 Tychonis.

265 605 335 648 ad
354 616 404 659 p.
431 603 585 662 188,1³]
612 603 837 659 Respicit
862 604 1168 659 catalogum
1195 616 1228 647 a
1254 603 1523 647 Ranzovio
1551 601 1876 654 confectum,
1904 602 2055 659 cujus
2077 602 2406 646 mentionem

194 675 419 720 fecimus
438 675 492 718 in
511 677 747 718 annotat.
770 675 840 718 ad
858 677 990 718 tom.
1012 674 1132 717 VIII
1153 686 1202 730 p.
1224 674 1369 726 412‚⁷.
1758 674 1760 676 ’

266 747 335 790 ad
355 758 404 802 p.
430 745 585 804 l89‚42]
615 746 784 790 »Urbs
810 745 992 801 Stipite
1018 744 1158 790 dicta
1184 745 1377 798 Rorae«,
1404 745 1435 788 i.
1458 756 1503 789 e.
1527 745 1887 797 Rostochium‚
1915 744 2007 788 ubi
2025 744 2210 800 Tycho
2231 745 2407 789 adule-

193 818 462 862 scentulus
482 828 609 861 cum
629 817 899 861 Ranzovio
921 828 1238 873 congressus
1258 819 1389 860 erat.

265 888 757 932 INSCRIPTIONES
791 887 1397 933 CRONEBURGENSES
1428 887 1496 944 (p.
1530 888 1614 932 190
1639 889 1737 946 sq.)
1768 900 1876 932 non
1902 889 2019 945 jam
2050 892 2276 941 exstant,
2310 890 2406 934 sed

193 962 523 1004 monstratur
547 959 841 1004 etiamnum
866 960 1050 1004 tabula
1076 960 1130 1004 in
1155 959 1418 1004 exteriore
1437 962 1588 1015 parte
1609 960 1994 1016 propugnaculi
2013 961 2279 1005 adversus
2293 973 2406 1017 sep-

191 1031 480 1076 tentriones
499 1032 803 1087 spectantis,
826 1032 912 1076 cui
931 1032 1078 1087 prior
1096 1031 1368 1087 inscriptio
1389 1031 1653 1087 insculpta
1671 1031 1790 1084 fuit;
1811 1043 1952 1076 nunc
1973 1043 2103 1076 vero
2124 1033 2354 1077 evanuit.

265 1103 330 1147 H.
360 1103 787 1148 GYLLUNFINI
819 1115 1019 1148 nomen
1049 1104 1118 1161 (p.
1151 1103 1253 1161 191)
1285 1103 1483 1146 mirum
1515 1106 1615 1156 est;
1650 1103 2020 1159 appellabatur
2045 1103 2187 1148 enim
2214 1104 2299 1148 ille
2324 1105 2406 1148 vir

194 1175 456 1219 Henricus
476 1175 880 1231 Gyldenstjerne
899 1174 949 1233 (i.
966 1187 1011 1219 e.
1038 1176 1242 1219 »Aurea
1261 1174 1485 1232 Stellaa).
1510 1174 1678 1218 Natus
1698 1177 1813 1218 erat
1833 1175 1919 1219 hic
1941 1187 1988 1219 a.
2010 1175 2138 1227 1540,
2159 1186 2404 1220 sororem

191 1246 459 1302 Tychonis
472 1246 831 1290 Elisabetham
846 1246 899 1290 in
913 1246 1317 1291 matrimonium
1331 1246 1558 1290 duxerat
1573 1259 1620 1290 a.
1641 1246 1770 1299 1563,
1791 1246 2110 1302 praepositus
2125 1246 2222 1291 fuit
2235 1247 2404 1291 militi-

193 1318 291 1362 bus
311 1318 562 1370 classicis,
584 1318 652 1362 ab
675 1331 722 1362 a.
750 1317 863 1362 1574
882 1318 1170 1374 praefectus
1190 1317 1329 1362 arcis
1350 1317 1612 1370 Bahusiae‚
1634 1321 1879 1362 mortuus
1899 1321 1979 1362 est
1999 1331 2046 1362 a.
2074 1318 2201 1362 1592.

264 1390 538 1434 CARMEN
559 1390 647 1433 DE
668 1390 914 1433 CLASSE
935 1389 1280 1433 HISPANIAE
1305 1389 1374 1444 (p.
1402 1389 1503 1446 192)
1523 1402 1555 1432 a
1570 1389 1776 1442 Jacobo
1797 1389 1867 1432 VI
1895 1401 2016 1445 rege
2038 1389 2248 1443 Scotiae,
2278 1402 2404 1434 cum

192 1462 241 1506 d.
263 1462 323 1505 20
341 1474 412 1505 m.
436 1461 614 1504 Martii
634 1474 681 1504 a.
708 1460 821 1505 1590
844 1461 1238 1517 Uraniburgum
1257 1461 1453 1505 viseret
1470 1460 1594 1518 (vid.
1617 1460 1773 1516 hujus
1791 1461 1926 1505 tomi
1945 1473 1994 1516 p.
2017 1460 2091 1513 83,
2114 1462 2214 1505 col.
2237 1462 2401 1514 l‚18—19‚

190 1533 374 1589 Tycho
395 1532 667 1589 accepisse
687 1533 910 1576 videtur.
934 1533 1180 1589 EJusdem
1200 1532 1336 1588 regis
1356 1532 1600 1576 carmina
1620 1532 1954 1587 reperiuntur
1971 1536 2103 1576 tom.
2126 1533 2173 1575 11
2193 1545 2242 1588 p.
2267 1533 2335 1578 12.

263 1604 580 1649 DISTICHA
606 1605 695 1648 DE
721 1603 925 1648 OBITU
952 1603 1276 1648 FRIDERICI
1304 1604 1350 1647 11
1377 1604 1565 1647 REGIS
1594 1603 1662 1661 (p.
1689 1604 1791 1661 192)
1819 1604 1926 1648 duo
1956 1604 2130 1659 prima
2158 1604 2232 1648 ita
2258 1605 2403 1649 facta

191 1680 328 1730 sunt,
355 1679 414 1720 ut
438 1675 647 1720 numeri
671 1675 855 1720 litteris
881 1675 1175 1732 majoribus
1200 1675 1495 1732 significati,
1522 1674 1567 1719 si
1592 1687 1865 1719 summam
1892 1687 2081 1719 eorum
2100 1676 2286 1728 facias,
2317 1689 2405 1720 an·

190 1761 320 1792 num
340 1748 529 1793 mortis
553 1748 666 1792 1588
686 1747 901 1792 efficere
921 1747 1166 1792 debeant.
1187 1747 1390 1791 Verum
1415 1759 1608 1802 parum
1634 1747 1908 1803 diligenter
1932 1746 2078 1791 facta
2102 1751 2245 1800 sunt;
2275 1761 2402 1792 nam

192 1832 221 1864 e
246 1821 423 1876 priore
448 1819 628 1864 evadit
655 1831 911 1864 numerus
940 1818 1070 1872 1593,
1098 1830 1128 1864 e
1152 1819 1448 1875 posteriore
1478 1818 1606 1862 1548.
1639 1819 1759 1862 Duo
1788 1818 1976 1862 ultima
2006 1819 2248 1872 disticha,
2281 1832 2402 1875 quae

190 1892 365 1948 ipsum
386 1904 588 1935 annum
607 1891 854 1947 produnt,
876 1891 1012 1935 inter
1030 1902 1087 1935 se
1106 1903 1262 1947 paene
1281 1890 1473 1934 similia
1492 1893 1629 1934 sunt.

263 1963 663 2007 EPIGRAMMA
679 1962 959 2007 »IUDICIS
979 1962 1094 2006 EST
1107 1962 1306 2015 AEQUI
1324 1995 1334 2006 .
1353 1995 1364 2006 .
1383 1978 1422 2007 .«
1446 1962 1705 2017 scriptum
1719 1965 1799 2006 est
1814 1962 1882 2005 ad
1898 1962 2172 2018 Lagonem
2185 1963 2403 2020 (Lauge)

192 2035 331 2080 Beck
345 2035 597 2092 judicem,
620 2034 709 2090 qui
728 2034 781 2078 in
800 2034 903 2087 lite,
926 2045 1050 2089 quae
1070 2045 1198 2078 cum
1219 2034 1441 2078 Erasmo
1462 2033 1595 2077 Petri
1615 2034 1811 2078 colono
1830 2033 2014 2089 Tycho
2034 2033 2286 2086 habebat,
2307 2033 2403 2088 Ty-

191 2106 378 2151 chonis
398 2118 580 2151 causae
600 2118 793 2162 parum
814 2105 1011 2150 favisse
1029 2105 1240 2149 videtur
1257 2105 1344 2163 (cf.
1366 2108 1494 2150 tom.
1515 2105 1634 2148 XIV
1654 2117 1740 2160 pp.
1763 2106 1819 2148 57
1840 2117 1953 2160 sqq.
1975 2105 2033 2149 63
2053 2105 2202 2163 sqq.).

261 2178 542 2223 NICOLAI
561 2178 785 2222 CRAGII
806 2176 1237 2222 »RESPUBLICA
1255 2176 1964 2221 LACEDAEMONIORUM«
1985 2176 2053 2232 (p.
2074 2176 2175 2234 193)
2191 2177 2402 2232 publice

190 2250 384 2306 prodiit
403 2263 451 2294 a.
478 2249 606 2294 1593.

261 2321 537 2366 CARMEN
560 2321 846 2366 URANIAE
863 2320 1089 2364 TITANI
1107 2320 1178 2379 (p.
1204 2320 1287 2364 193
1307 2322 1443 2376 sqq.)
1468 2320 1683 2375 Sophiae
1703 2319 1903 2364 sororis
1923 2320 2140 2364 nomine
2161 2319 2231 2363 ad
2250 2331 2403 2375 spon-

191 2406 313 2438 sum
342 2394 499 2450 huJ'us
531 2392 743 2438 Ericum
777 2393 957 2449 Lange
987 2392 1172 2448 Tycho
1205 2392 1429 2448 scripsit.
1470 2391 1735 2447 Nupserat
1767 2391 1966 2447 Sophia
1998 2391 2170 2435 Brahe
2203 2403 2250 2434 a.
2289 2390 2403 2434 1579

192 2465 372 2510 Ottoni
390 2465 563 2518 Thott,
588 2464 808 2509 domino
828 2464 1016 2520 praedii
1035 2463 1352 2516 Eriksholm‚
1380 2463 1470 2518 qui
1488 2466 1732 2508 mortuus
1753 2466 1832 2506 est
1853 2475 1900 2506 a.
1927 2462 2055 2516 1588,
2083 2463 2178 2507 sed
2197 2473 2401 2518 paucos

190 2540 311 2593 post
337 2548 506 2581 annos
525 2536 689 2580 fidem
710 2536 854 2581 dedit
874 2535 1027 2580 Erico
1049 2536 1245 2592 Lange,
1274 2535 1493 2579 domino
1519 2534 1707 2590 praedii
1726 2534 2078 2590 Engelsholm‚
2108 2534 2285 2577 amico
2304 2533 2401 2588 Ty-

191 2608 392 2653 chonis.
415 2608 664 2662 Quicum
684 2607 973 2664 alchymiae
993 2607 1202 2651 deditus
1221 2618 1338 2650 rem
1358 2606 1678 2650 familiarem
1699 2605 2020 2661 dissipasset,
2042 2616 2149 2649 non
2170 2607 2292 2648 ante
2313 2617 2401 2647 an-

189 2693 320 2724 num
350 2679 463 2724 1602
489 2680 745 2736 Sophiam
771 2680 968 2723 ducere
996 2679 1181 2734 potuit.
1213 2678 1259 2721 A
1283 2677 1458 2733 prima
1483 2680 1643 2721 aetate
1672 2676 1823 2720 fratri
1846 2676 2086 2731 Tychoni
2115 2676 2399 2731 coniuncta

190 2755 305 2796 erat
330 2751 529 2807 Sophia
555 2754 607 2795 et
626 2751 741 2807 jam
768 2763 815 2795 a.
843 2750 955 2795 1573
980 2750 1034 2794 in
1060 2749 1398 2794 observando
1425 2748 1654 2803 deliquio
1676 2748 1874 2791 Lunari
1900 2748 2087 2791 aderat
2111 2747 2183 2791 illi
2206 2747 2354 2804 (tom.
2377 2747 2398 2790 I

190 2836 239 2879 p.
265 2823 369 2876 131;
397 2827 528 2868 tom.
550 2823 596 2865 X
619 2835 668 2878 p.
691 2822 783 2880 38),
810 2825 999 2877 postea
1018 2833 1148 2865 vero
1171 2820 1491 2876 Uraniburgi
1515 2831 1661 2875 saepe
1687 2831 1812 2863 eum
1837 2818 2028 2862 invisit.
2057 2819 2191 2862 Cum
2216 2818 2398 2862 litteris

190 2895 324 2939 bene
353 2895 560 2939 imbuta
588 2896 743 2946 esset,
774 2892 1013 2938 carmine
1042 2892 1219 2937 fratris
1246 2892 1437 2936 Latino
1466 2890 1579 2935 sine
1605 2890 1766 2934 dubio
1795 2891 2026 2946 gaudere
2054 2889 2244 2945 potuit;
2277 2892 2399 2933 sunt

189 2966 368 3019 etiam,
391 2966 480 3022 qui
495 2966 670 3022 ipsam
684 2965 938 3010 carminis
953 2967 1232 3009 auctorem
1245 2962 1406 3007 fuisse
1421 2961 1622 3018 opinati
1633 2961 1752 3015 sint,
1772 2965 1831 3005 ut
1839 2961 1883 3014 J.
1901 2962 1959 3005 L.
1977 2961 2207 3016 Heiberg
2220 2963 2396 3015 poeta,

190 3037 280 3093 qui
293 3049 514 3082 carmen
527 3037 580 3081 in
595 3037 862 3082 Danicum
881 3047 1189 3080 sermonem
1208 3034 1366 3079 vertit
1383 3034 1455 3091 (in
1474 3033 1753 3078 annalibus
1774 3045 1895 3088 quae
1912 3023 2177 3077 vocantur
2195 3029 2397 3075 Urania

194 3108 307 3153 1846
331 3121 380 3164 p.
407 3109 491 3153 184
510 3121 624 3164 sqq.
647 3129 704 3146 =
724 3107 1030 3153 Prosaiske
1052 3104 1293 3152 Skrifter
1314 3106 1384 3149 IX
1409 3105 1657 3163 [Hauniae
1681 3104 1811 3162 1861]
1837 3116 1887 3159 p.
1909 3103 1997 3147 289
2015 3103 2164 3161 sqq.).
2193 3103 2261 3146 At
2285 3113 2399 3146 car-

189 3191 315 3224 men
346 3193 378 3224 a
409 3192 467 3225 se
498 3181 698 3225 sororis
733 3179 949 3225 nomine
981 3177 1346 3234 conscriptum
1380 3188 1514 3230 esse,
1544 3177 1767 3221 Thomae
1800 3175 1985 3231 Cragio
2018 3174 2254 3218 scribens
2285 3173 2397 3228 ipse

188 3251 372 3306 Tycho
391 3255 616 3296 testatur
634 3253 782 3309 (tom.
798 3251 894 3295 VII
916 3263 965 3306 p.
988 3249 1234 3307 366‚22-2³).
1258 3249 1368 3293 Nec
1390 3251 1484 3300 est,
1506 3259 1603 3292 cur
1622 3247 1903 3303 epistulam
1923 3259 1956 3290 a
1976 3245 2173 3300 Sophia
2194 3244 2397 3288 Danice

189 3323 550 3378 conscriptam
571 3336 604 3367 a
622 3323 876 3379 Tychone
895 3322 949 3365 in
970 3321 1221 3365 Latinum
1242 3331 1464 3364 carmen
1482 3331 1697 3363 versam
1724 3329 1840 3362 esse
1864 3320 2127 3373 putemus,
2154 3319 2212 3359 ut
2230 3315 2397 3359 voluit

190 3394 239 3437 F.
261 3389 315 3437 R.
337 3394 464 3438 Friis
497 3393 670 3451 (Soiie
705 3393 890 3438 Brahe
928 3391 1268 3438 Ottesdatter
1298 3391 1545 3449 [Hauniae
1586 3389 1715 3448 1905]
1749 3401 1798 3445 p.
1834 3389 1920 3446 15).
1958 3389 2139 3433 Exstat
2173 3387 2396 3443 epistula

331 3479 399 3514 41*
