2684 4264
1176 958 1304 1002 Gen.
1331 958 1369 1001 l.

562 1040 722 1084 IANT
741 1041 1023 1084 luminaria
1043 1041 1097 1084 in
1115 1042 1458 1086 firmamento
1475 1043 1603 1086 Coeli
1617 1046 1670 1087 et
1683 1043 1920 1087 dividant
1937 1044 2092 1087 Diem

562 1114 614 1155 et
632 1110 845 1156 noctem
866 1115 919 1156 et
938 1113 1106 1156 sintin
1124 1113 1273 1169 signa
1291 1116 1540 1169 tempora
1559 1117 1611 1158 et
1631 1114 1742 1159 dies
1763 1118 1815 1158 et
1833 1115 2029 1159 Annos.

1031 1233 1302 1277 Salomon.
1326 1233 1447 1288 Sap.
1470 1235 1512 1277 7.

593 1316 719 1360 EUS
744 1315 902 1367 dedit,
930 1318 989 1358 ut
1007 1316 1228 1360 vittutes
1249 1318 1651 1369 elementorum,
1679 1317 1901 1371 initium,
1928 1318 2092 1362 finem

605 1390 658 1431 et
668 1387 921 1439 medium,
936 1390 1243 1443 temporum
1258 1388 1696 1443 solstitiorumque
1707 1389 2090 1442 vicissitudines,

449 1463 566 1503 tum
594 1459 1013 1514 permutationes
1041 1459 1524 1514 tempestivitatum‚
1557 1461 1834 1504 Annorum
1864 1462 2092 1505 circulos

451 1534 503 1574 et
523 1531 790 1575 stellarum
810 1530 1168 1586 dispositiones
1189 1532 1581 1587 cognoscerem.

455 1642 836 1797 QUANDO
864 1656 909 1701 Θ
936 1650 1007 1694 est
1026 1650 1080 1693 in
1103 1650 1157 1693 16
1175 1656 1236 1703 V
1253 1651 1416 1706 usque
1437 1652 1506 1694 ad
1525 1651 1599 1704 21,
1629 1652 1943 1707 plerumque
1964 1652 2093 1695 sere-

608 1722 829 1766 nitatem
851 1722 1133 1776 quotannis
1153 1722 1269 1766 fieri
1290 1725 1629 1778 compertum
1650 1723 1736 1767 est.

608 1841 880 1885 UMIDUS
908 1841 1082 1884 Maius
1109 1844 1161 1885 et
1186 1842 1390 1885 calidus
1418 1842 1596 1886 Iunius
1623 1843 1766 1887 bona
1792 1843 2093 1898 producunt

625 1926 804 1969 grana.
826 1915 939 1957 Pro.
964 1913 1095 1957 Gall.
2009 1924 2011 1926 ’

957 2033 1151 2077 Bartol.
1174 2033 1584 2077 Schenbornius.

567 2117 831 2161 XORTUS
846 2117 1108 2166 cosmicus
1122 2117 1255 2173 Syrij
1273 2129 1399 2161 cum
1416 2124 1460 2168 Θ
1479 2117 1717 2161 medium
1732 2118 1939 2161 dierum
1954 2118 2093 2161 cani-

580 2189 841 2232 cularium
856 2189 1189 2233 determinat.
1208 2189 1345 2232 Hinc
1361 2201 1549 2233 eorum
1564 2190 1772 2233 dierum
1785 2189 1990 2233 initium
2006 2190 2093 2232 ad-

451 2260 553 2303 fert
575 2261 708 2317 Syrij
735 2262 956 2305 occasus
977 2261 1228 2305 Heliacus
1254 2261 1285 2304 i.
1309 2273 1353 2304 e.
1376 2273 1503 2304 cum
1528 2268 1573 2312 Θ
1600 2264 1652 2305 et
1672 2264 1819 2304 ortus
1842 2261 2091 2304 Heliaeus

450 2332 481 2375 i.
504 2343 548 2375 e.
571 2344 695 2376 cum
722 2339 767 2384 Θ
792 2333 866 2376 ita
887 2333 1110 2388 disponit
1128 2336 1187 2376 ut
1205 2344 1365 2376 mane
1385 2333 1616 2388 conspici
1635 2333 1798 2388 possit.
