2730 4264
811 307 933 361 AD
960 306 1292 360 ToMUM
1319 283 1674 360 PRIMUM
2243 306 2347 358 237

143 450 196 502 C,
223 449 317 494 sed
343 448 464 492 add.
486 447 624 492 infra
644 460 694 491 v.
715 447 774 491 35
799 450 921 502 post
946 445 1175 491 aduersa
1240 460 1281 490 v.
1302 445 1360 490 38
1384 444 1553 505 buius
1575 444 1800 499 visibilis
1826 458 1933 490 om.
1957 445 1994 488 C
2059 459 2101 489 v.
2120 445 2182 489 40
2209 445 2350 489 veri-

118 555 121 561 ,
142 507 312 553 [imile
333 506 408 550 est
427 519 533 551 om.
557 507 595 550 C
655 520 698 549 v.
717 505 776 549 42
795 506 1041 560 legitimo
1061 505 1169 549 Dei
1187 507 1225 549 C
1316 509 1437 561 post
1457 505 1732 549 abducere
1754 506 1874 549 add.
1897 504 2147 549 existimo
2168 506 2219 549 C.

212 579 258 622 p.
275 566 360 611 164
378 581 420 610 ν.
439 566 457 609 1
483 564 815 609 introductos
829 565 885 622 C]
905 564 1304 609 introductasV
1354 579 1395 609 v.
1411 566 1439 608 7
1459 565 1604 620 quod
1624 565 1919 608 dolendum
1943 576 2049 609 om.
2067 565 2106 608 C
2173 565 2349 609 anim-

142 625 446 683 aduertere]
469 624 656 668 videre
677 625 716 668 C
782 638 825 667 v.
840 624 874 667 8
900 623 1137 682 mendis]
1157 624 1270 668 suis
1289 624 1509 668 mendis
1530 626 1567 668 C
1635 638 1677 668 v.
1697 624 1815 668 8—9
1836 625 2030 678 plus..
2050 624 2350 668 .contami-

142 686 286 744 nata]
307 684 506 729 referta
527 685 565 728 C
626 698 668 728 v.
678 683 734 727 11
760 681 972 740 delicta]
994 686 1171 728 errata
1193 685 1230 727 C
1298 683 1521 739 proprie
1543 695 1648 728 om.
1672 685 1709 728 C
1771 698 1813 727 v.
1832 683 1886 727 13
1907 657 2113 742 datum]
2134 685 2348 728 deturC

142 761 184 791 v.
201 742 374 790 13-14
392 744 624 788 nedum.
673 741 1050 798 .introspicere
1066 754 1171 787 om.
1190 744 1227 786 C
1277 758 1318 787 v.
1337 743 1392 787 14
1411 743 1761 799 introspicere
1781 756 1848 788 ex
1867 743 2135 798 inspicere
2150 756 2289 788 corr.
2302 745 2349 787 V

142 820 184 850 v.
207 805 262 849 15
291 804 412 862 nec]
438 814 543 847 nec
564 803 868 858 propterea
886 803 924 845 C
996 816 1039 845 v.
1063 802 1118 846 16
1147 803 1341 847 merito
1367 816 1474 848 om.
1504 803 1542 846 C
1621 817 1664 847 v.
1683 803 1736 847 21
1770 803 1978 861 liceret]
2000 803 2285 858 possemus
2310 806 2348 848 C

142 879 184 909 v.
203 863 381 908 21-22
411 861 960 921 Quod...pr01atum]
989 861 1230 916 ideoque
1260 863 1298 906 C
1360 876 1402 906 v.
1422 862 1480 906 25
1509 874 1576 906 ac
1605 863 1691 921 ea]
1719 863 1769 907 8(
1795 864 1833 907 C
1931 863 2089 921 Vere]
2115 862 2284 907 Recte
2311 865 2348 908 C

142 939 184 969 v.
203 923 262 967 26
290 923 491 978 quod..
510 920 847 966 ,attribuitur
868 932 975 965 om.
999 921 1037 964 C
1098 935 1140 964 v.
1161 921 1219 965 28
1247 921 1384 966 Haec
1410 922 1504 965 ille
1532 934 1637 966 om.
1662 923 1699 966 C
1793 921 2139 981 Quapropter
2163 923 2349 981 etiam]

142 984 381 1037 Ideoque
402 983 440 1026 C
489 996 531 1025 v.
551 981 610 1025 29
628 980 1005 1036 impendentia
1024 980 1350 1024 naturaliter
1364 980 1494 1039 sata]
1517 982 1886 1036 dependentia
1908 983 2130 1026 decreta
2151 984 2189 1026 C
2281 994 2347 1027 ea

143 1041 409 1099 avertere]
430 1041 552 1086 haec
572 1041 918 1085 antevertere
940 1041 978 1084 C
1010 1054 1051 1084 v.
1067 1040 1119 1084 31
1145 1041 1347 1095 quod..
1367 1040 1588 1099 .norint]
1608 1041 1941 1086 imminuunt
1959 1043 1996 1086 C
2066 1043 2346 1087 norentV.

143 1101 473 1149 correximus
552 1114 594 1144 v.
620 1100 679 1145 33
715 1100 825 1144 ulla
859 1112 964 1144 om.
988 1100 1026 1144 C
1126 1099 1429 1158 insolentia]
1462 1100 1795 1145 confidentia
1829 1103 1867 1145 C
1947 1116 1987 1145 v.
2014 1102 2192 1146 34-35
2223 1102 2348 1157 ipsa

142 1172 267 1207 sors
283 1195 293 1205 .
313 1193 324 1204 .
343 1193 354 1204 .
370 1160 644 1218 reddatur]
670 1159 726 1203 in
742 1170 967 1214 poenam
988 1159 1256 1213 superbiae
1276 1160 1470 1204 merito
1490 1160 1800 1215 impingant
1822 1161 1860 1204 C
1895 1171 1899 1175 ’
1951 1162 2154 1217 reliqua
2180 1175 2348 1217 usque

143 1223 213 1266 ad
237 1221 402 1265 finem
428 1232 534 1264 om.
565 1221 618 1272 C,
649 1220 738 1274 qui
766 1220 889 1264 inde
915 1220 982 1264 ab
1011 1220 1115 1263 hoc
1145 1220 1267 1263 loco
1293 1220 1368 1263 ita
1395 1220 1695 1264 orationem
1721 1222 2009 1264 concludit:
2044 1220 2169 1265 Non
2199 1221 2347 1266 enim

143 1280 327 1327 minus
347 1278 574 1323 difficile
594 1281 696 1332 est,
717 1278 773 1322 se
787 1278 1119 1323 constantem
1138 1278 1187 1323 ὅτ
1200 1278 1404 1333 aequali
1422 1280 1608 1323 animo
1627 1279 1682 1322 in
1703 1280 1871 1323 rebus
1889 1280 2161 1334 secundis,
2184 1292 2347 1336 quam

142 1338 385 1385 adversis
405 1339 672 1394 praebere.
703 1338 862 1383 Hanc
889 1340 1073 1382 autem
1101 1337 1455 1383 constantiam
1485 1338 1535 1383 8(
1559 1338 1929 1383 fortitudinem
1956 1341 2120 1395 longe
2146 1340 2349 1384 melius

138 1398 424 1456 praeltabit,
466 1398 561 1453 qui
589 1397 768 1442 sutura
802 1398 974 1442 multo
1005 1399 1133 1442 ante
1160 1397 1495 1452 praeviderit.
1537 1425 1591 1430 —
1633 1399 1767 1443 Haec
1800 1400 1869 1442 de
1903 1399 2349 1454 praedicfflonibus

141 1458 495 1513 Astrologiois
509 1457 786 1513 prolixius
799 1457 855 1500 in
870 1457 1113 1501 medium
1130 1457 1355 1510 adduxi,
1378 1458 1524 1512 quod
1539 1458 1630 1503 11ae
1646 1458 2024 1514 utplurimum,
2048 1471 2156 1504 non
2177 1459 2347 1504 solum

143 1530 176 1563 a
210 1519 388 1574 vu1g0,
422 1518 568 1573 quod
596 1527 795 1562 omnes
826 1516 996 1561 Artes
1027 1517 1231 1572 aequali
1262 1517 1387 1561 odio
1413 1517 1779 1572 prosequitur:
1818 1518 1933 1563 Sed
1964 1530 1997 1562 a
2029 1519 2347 1574 quibusdam

143 1578 308 1623 etiam
336 1576 565 1621 eruditis
592 1576 908 1622 hominibus
933 1576 989 1620 in
1016 1575 1240 1621 dubium
1272 1579 1559 1621 vocentur:
1586 1576 1855 1635 Quamvis
1880 1578 1992 1622 sola
2018 1579 2173 1622 Artis
2197 1579 2351 1634 igno-

143 1637 317 1683 rantia
337 1647 438 1682 eos
458 1635 722 1681 excusare
737 1635 910 1691 poBit.
932 1636 1335 1691 Perguntenim
1351 1637 1475 1680 Arti
1486 1637 1879 1690 contradicere,
1901 1637 2062 1693 cujus
2077 1638 2349 1694 principia

142 1696 368 1742 summis
387 1695 559 1741 labris
578 1707 687 1740 non
708 1695 1070 1751 degustarunt,
1101 1696 1151 1740 ὅτ
1176 1707 1301 1740 cum
1329 1696 1385 1739 in
1413 1697 1597 1751 aliqua
1624 1697 1934 1751 cognitione
1955 1699 2251 1751 excellunt,
2279 1699 2348 1742 de

144 1756 399 1801 omnibus
419 1756 546 1800 aliis
565 1755 748 1809 rebus,
771 1755 1029 1811 quamvis
1048 1756 1118 1800 ab
1138 1767 1206 1800 ea
1227 1755 1538 1810 cognitione
1558 1757 1722 1811 longe
1743 1757 1948 1810 diRitis,
1972 1757 2068 1800 [ibi
2078 1757 2348 1813 J'udicium

144 1817 410 1871 arrogant.
434 1815 605 1861 Solus
623 1815 794 1860 Picus
812 1815 1126 1860 Mirandula
1145 1814 1467 1871 Astrologiae
1486 1827 1694 1884 gnarus
1714 1827 1837 1860 eam
1860 1828 1933 1859 ex
1949 1817 2187 1872 propriis
2201 1818 2351 1872 Apo-

146 1875 526 1920 telesmatibus
539 1876 855 1920 convellere
870 1874 1154 1931 aggressus
1168 1875 1258 1919 eit.
1282 1875 1398 1920 Sed
1411 1875 1579 1931 liujus
1594 1875 1987 1933 obJectionibus
2002 1876 2209 1920 Lucius
2223 1878 2351 1921 Bel-

143 1935 349 1980 lantius
374 1935 585 1980 erudito
609 1934 806 1990 scripto
822 1934 1153 1991 ,iamdudum
1179 1933 1479 1990 respondit:
1503 1935 1575 1979 Et
1596 1935 1709 1990 ipse
1738 1935 1906 1979 Picus
1932 1938 2179 1980 mortuus
2206 1948 2351 1981 anno

143 1994 324 2040 aetatis
354 1994 428 2049 33,
463 2006 625 2051 quem
661 1997 773 2040 tres
800 1994 1071 2050 Astrologi
1099 1994 1183 2038 illi
1211 1993 1438 2039 fatalem
1472 2006 1546 2038 ex
1578 1994 1870 2039 directione
1903 1994 2251 2042 ascendentis
2279 1997 2352 2040 ad

144 2065 344 2124 corpus
363 2054 561 2099 Martis
574 2054 967 2110 praedixerant,
993 2054 1271 2099 Altrorum
1294 2053 1623 2109 efficaciam,
1652 2066 1815 2110 quam
1844 2054 2140 2111 infringere
2164 2055 2349 2109 voluit,

144 2113 311 2170 nimis
336 2116 485 2159 certo
511 2116 731 2165 eventu,
756 2115 980 2170 proprio
1006 2114 1226 2162 interitu
1251 2088 1644 2170 comprobavit.
1676 2114 1860 2170 Atque
1891 2115 2012 2160 haec
2040 2116 2110 2159 de
2136 2116 2352 2160 Mathe-

144 2173 363 2219 maticis
391 2173 709 2229 disciplinis,
739 2173 963 2230 ipsaque
989 2173 1310 2230 Astrologia,
1344 2172 1681 2230 generaliter
1706 2174 1755 2219 8(
1786 2175 1936 2218 tenui
1962 2174 2216 2219 Minerva
2245 2176 2351 2220 hoc

144 2235 265 2278 loco
291 2233 341 2279 ἃ
368 2235 611 2289 tempore
635 2233 973 2279 sufficienter
994 2233 1133 2278 dicta
1159 2233 1272 2278 lint.
1304 2261 1358 2266 —-
1385 2234 1574 2278 Restat
1595 2245 1757 2286 nunc,
1788 2236 1847 2278 ut
1869 2245 1969 2278 vos
1996 2235 2108 2278 mei
2132 2234 2353 2279 instituti

144 2293 407 2339 certiores
434 2292 652 2338 faciam.
692 2293 827 2338 Cum
857 2294 1043 2349 itaque
1071 2293 1276 2349 Regiae.
1294 2293 1599 2350 MaJestatis
1629 2294 1679 2338 ἅτ
1708 2293 1898 2338 veltrae
1924 2294 2178 2349 petitioni
2205 2306 2350 2338 nunc

145 2353 540 2408 obtemperare,
569 2353 618 2398 8(
643 2354 896 2409 quaedam
918 2354 975 2398 in
995 2353 1411 2398 Mathematicis
1429 2353 1673 2398 scientiis
1687 2354 1911 2409 publice
1929 2365 2237 2409 proponere
2258 2355 2352 2398 de-

144 2412 440 2457 creverim:
474 2412 630 2457 Nibil
660 2413 799 2458 mihi
831 2412 1001 2457 visum
1035 2415 1127 2457 est
1155 2413 1517 2466 commodius,
1553 2413 1603 2457 ἂν
1633 2424 1665 2457 e
1698 2424 1757 2457 re
1790 2413 2110 2458 discentium
2146 2413 2348 2467 utiliuS,

145 2483 306 2528 quam
328 2473 556 2517 alteram
572 2472 954 2518 Astronomiae¹
971 2475 1206 2528 partem,
1228 2484 1353 2528 quae
1372 2475 1556 2518 motus
1568 2472 1795 2517 secundi
1806 2473 2027 2517 mobilis
2041 2472 2352 2528 complecti-

148 2533 244 2586 tur,
272 2531 510 2577 breviter
527 2533 766 2578 tradere:
795 2532 930 2583 Cum
948 2533 1116 2588 primi
1134 2532 1357 2578 mobilis
1377 2532 1616 2577 doctrina
1633 2544 1740 2587 per
1753 2532 1808 2576 se
1829 2531 2012 2576 facilis
2032 2532 2107 2586 lit,
2137 2533 2186 2577 ὃῐ
2208 2532 2351 2577 alias

144 2591 200 2636 in
229 2592 335 2637 hac
366 2591 572 2637 Schola
600 2591 978 2647 saepenumero
1001 2594 1350 2648 praelegatur.
1385 2593 1447 2636 Id
1476 2593 1660 2636 autem
1692 2592 1800 2636 hac
1829 2592 2039 2636 ratione
2068 2592 2350 2636 absolvere

145 2650 404 2706 constitui,
430 2653 489 2695 ut
502 2652 726 2697 modum
747 2651 1078 2708 supputandi
1099 2663 1262 2697 veros
1282 2653 1636 2696 Planetarum
1658 2653 1856 2705 motus,
1878 2663 1953 2695 ex
1975 2651 2197 2695 Tabulis
2218 2652 2351 2695 Pru-

148 2710 358 2765 teniciS,
389 2722 513 2766 quae
536 2710 593 2755 in
620 2711 726 2757 hoc
751 2713 971 2768 negotio
995 2712 1118 2756 sunt
1141 2711 1505 2765 exaciissimae,
1537 2711 1830 2764 ostendam,
1865 2722 2081 2765 unaque
2112 2710 2350 2755 Circulo-

145 2781 280 2824 rum,
320 2770 519 2826 quibus
550 2771 815 2817 Planetas
847 2772 1061 2816 moveri
1092 2772 1475 2827 imaginamur,
1518 2772 1567 2815 ἂ-
1604 2782 1679 2814 ex
1710 2781 1936 2825 quorum
1970 2769 2349 2825 supputatione

145 2829 361 2874 numeri
377 2830 705 2874 Tabularum
721 2831 996 2887 supputati
1012 2831 1146 2886 sunt,
1169 2831 1579 2885 cohaerentiam,
1602 2842 1668 2878 ac
1689 2829 1934 2874 ordinem
1957 2829 2347 2874 demonstrabo,

153 2889 221 2933 Vt
242 2889 348 2935 hac
375 2890 642 2934 discendi²
666 2891 930 2936 Methodo
950 2891 1323 2947 pulcerrimus
1348 2889 1553 2934 fructus
1579 2889 1834 2936 doctrinae
1859 2889 2084 2933 secundi
2107 2889 2347 2942 Mobilis,

147 2960 268 3004 quae
291 2949 499 2994 Motum
525 2949 732 3005 septem
759 2951 1056 2995 errantium
1086 2951 1381 2995 Stellarum
1411 2948 1798 3005 complectitur,
1819 2949 1987 2992 vobis
2013 2947 2348 2993 innotescere

141 3008 311 3063 poBit.
349 3036 398 3041 —
438 3009 575 3054 Cras
598 3011 784 3065 itaque
811 3011 917 3055 hac
944 3010 1057 3066 ipsa
1078 3011 1229 3064 hora,
1258 3010 1315 3054 id
1334 3010 1480 3065 quod
1493 3008 1858 3064 promisimus,
1888 3009 2008 3052 Deo
2034 3007 2348 3062 auspicante

146 3067 504 3114 incoabimus.
527 3096 582 3102 -
597 3070 750 3115 Dixi.

216 3138 261 3182 p.
285 3128 370 3174 165
387 3143 431 3172 ν.
451 3129 509 3173 30
528 3129 763 3173 Mathes
762 3140 793 3173 s
814 3130 990 3186 priore
1010 3132 1132 3175 loco
1151 3130 1205 3173 in
1224 3128 1449 3173 Matesis
1470 3140 1606 3173 corr.
1622 3128 1683 3171 V.

216 3198 261 3256 p:
285 3187 370 3233 166
388 3201 431 3231 ν.
451 3188 480 3231 2
506 3193 628 3233 ante
654 3189 766 3232 oris
795 3190 1025 3245 praebuit
1053 3191 1314 3234 terrarum
1335 3189 1397 3241 V,
1425 3189 1517 3232 sed
1546 3187 1739 3231 delevit
1808 3201 1849 3229 v.
1870 3186 1899 3229 6
1926 3185 2120 3230 solaria
2140 3186 2207 3230 V.
2237 3197 2350 3230 cor-

148 3247 380 3291 reximus
461 3247 695 3292 sentiant
711 3262 779 3293 ex
796 3249 1011 3293 sensent
1028 3261 1166 3294 corr.
1182 3249 1228 3292 V
1247 3249 1333 3306 (cf.
1356 3261 1405 3303 p.
1433 3247 1515 3291 169
1534 3260 1583 3291 v.
1606 3248 1663 3290 37
1685 3250 1736 3290 et
1755 3259 1804 3289 v.
1826 3246 1903 3304 40)
1964 3260 2005 3288 v.
2025 3246 2053 3288 8
2079 3249 2198 3300 post
2218 3245 2352 3288 alibi

147 3307 372 3360 praebuit
390 3306 447 3350 in
467 3307 659 3352 codice
679 3309 741 3361 V,
763 3309 858 3353 sed
878 3309 1073 3352 delevit
1134 3322 1175 3351 v.
1196 3307 1249 3351 41
1281 3306 1500 3362 quicum
1522 3306 1747 3361 intellegi
1767 3305 1961 3361 nequit.

220 3379 231 3404 ¹
253 3379 496 3415 Astronomi
480 3391 565 3416 mae
586 3381 637 3416 C.
662 3392 753 3417 corr
778 3380 916 3416 ximus
937 3392 983 3416 ex
1004 3381 1067 3416 ed.
1089 3380 1219 3416 Curti
1209 3391 1232 3415 1.
1284 3381 1300 3406 2
1320 3381 1360 3415 d1
1356 3380 1488 3414 'icend
1507 3379 1557 3414 C:
1579 3377 1832 3415 correximus
1853 3389 1899 3413 ex
1919 3378 1981 3413 e.d
2004 3377 2146 3413 Curtii.
