2730 4264
0 1273 3 1324 ζ

22 3237 26 3283 ἵ

23 3287 27 3322 ι

129 524 184 568 2v

136 1204 177 1240 10

134 1561 175 1596 15

127 2274 172 2309 25

123 3343 170 3378 40

421 474 1115 567 PRAEFATIO
1162 477 1318 568 IN
1360 479 2226 574 APOLOGIAM

1023 594 1626 669 SEQUENTEM.

438 693 465 744 ἠ
518 687 599 749 sy
636 707 639 751 3
666 685 796 737 UM
816 683 1077 737 Tomum
1101 686 1262 739 hunc
1284 688 1605 742 secundum
1630 692 2210 757 progymnasmatum
2230 694 2420 747 Astro-

259 763 261 765 ’
356 756 550 829 ',',.„÷⁵··32‚‡'‹y
586 752 640 843 ‘3
665 758 1058 818 nomicorum,
1092 765 1385 822 quatenus
1414 760 1485 813 de
1515 761 1716 814 illustri
1747 763 1849 815 illo
1880 763 2131 816 Cometa
2159 766 2325 818 Anni
2352 768 2420 819 77

360 834 489 907 4243„
578 820 637 900 ‘351
666 826 893 879 affatim
911 825 1132 889 tractat,
1155 833 1426 882 omnium
1442 834 2020 896 primo‘absolvissem,
2040 836 2302 901 typisque
2317 853 2419 889 no-

382 934 395 945 ,
437 915 476 965 g
530 918 556 949 )
578 889 637 963 l,
665 898 786 950 stris
806 901 1066 963 imprimi
1087 902 1380 963 curassem,
1403 903 1579 967 idque
1598 920 1732 957 eam
1748 906 2067 970 praesertim
2081 907 2156 959 ob
2172 910 2418 961 caussam

366 971 372 980 ‘
396 964 410 980 ‘
463 958 515 1041 [a
588 990 601 1046 3
615 972 637 1051 ’ἐι
666 970 842 1034 quod,
863 977 986 1022 tam
1003 974 1156 1023 circa
1175 971 1431 1025 fixarum
1450 977 1514 1026 in
1532 978 1724 1039 primo
1738 977 1888 1029 libro
1903 993 2027 1043 cap.
2043 978 2076 1030 2
2089 979 2419 1032 inserenda-

238 1082 241 1083 ,
272 1082 289 1083 ,ff
511 1055 528 1070 ²
561 1043 636 1082 Ἀ
664 1041 1172 1094 rumverificatam
1183 1043 2193 1112 restitutionem,quamPlanetarum
2204 1051 2418 1116 superi-

223 1128 394 1166 orum
411 1115 475 1164 in
494 1112 903 1178 AcronychijS‚
931 1113 1174 1179 alijsque
1198 1114 1394 1167 litibus
1415 1116 1864 1180 observationes,
1893 1127 1947 1172 et
1972 1124 2036 1172 in
2055 1138 2331 1174 normam
2350 1139 2419 1176 ac

222 1198 500 1238 numeros
519 1182 907 1244 reductioneS,
935 1185 1181 1237 ulterius
1202 1193 1256 1238 et
1277 1186 1533 1249 uberiuS,
1562 1205 1744 1253 quam
1767 1199 1958 1251 antea,
1987 1194 2418 1247 continuandas

223 1254 775 1320 examinandasque,
821 1271 1021 1320 operae
1058 1260 1324 1320 precium
1363 1260 1672 1321 censerem,
1718 1262 2001 1326 siquidem
2044 1264 2418 1328 planetarum

220 1333 413 1380 motus
428 1325 712 1378 restitutos
728 1327 1117 1380 Cometarum
1132 1328 1500 1394 descriptioni
1513 1331 1859 1398 subiungere
1878 1334 2160 1387 constitui:
2184 1337 2295 1388 Res
2315 1353 2417 1389 au—

221 1406 337 1452 tem
366 1397 496 1450 haec
527 1413 652 1449 non
682 1401 997 1451 minimam
1029 1397 1465 1453 cunctationem
1496 1405 1805 1456 necessario
1838 1409 2156 1469 requireret
2166 1423 2178 1467 ;
2212 1409 2419 1460 accidit

220 1471 449 1530 idcirc0‚
475 1475 540 1521 ut
565 1469 859 1522 nonnulla
884 1470 1064 1523 huius
1091 1471 1224 1523 libri
1251 1473 1322 1524 de
1349 1472 1501 1526 dieto
1528 1474 1779 1527 Cometa
1805 1480 2028 1540 agentis
2054 1480 2418 1543 exemplaria

221 1541 295 1595 ad
315 1541 572 1594 eruditos
593 1547 648 1593 et
666 1541 817 1593 mihi
836 1542 1032 1606 passim
1055 1549 1229 1595 notos
1246 1544 1704 1598 Mathematicos
1726 1547 1986 1600 consulto
2006 1549 2276 1610 miserim,
2298 1566 2417 1615 quo

220 1612 485 1665 videlicet
513 1612 768 1665 aliorum
799 1613 872 1665 de
902 1615 1030 1666 eius
1060 1618 1348 1667 contentis
1378 1616 1683 1669 censuram
1713 1622 2140 1683 conquirerem,
2171 1627 2347 1686 atque
2376 1621 2417 1673 fi

220 1684 420 1749 aliqua
445 1686 507 1736 in
532 1683 626 1736 his
650 1685 1131 1737 emendationem
1150 1690 1440 1739 merentia
1459 1690 1864 1741 invenirentur
1884 1691 2220 1744 admonitus
2242 1709 2313 1745 ea
2334 1696 2415 1757 ip-

219 1755 394 1808 semet
417 1755 613 1820 postea
633 1758 695 1807 in
715 1756 848 1822 alijs
868 1757 940 1808 de
961 1756 1076 1809 hoc
1095 1761 1333 1823 negotio
1353 1758 1572 1824 scriptis
1591 1762 1845 1825 ingenue
1866 1761 2077 1814 faterer
2096 1770 2272 1828 atque
2293 1780 2414 1816 cor-

219 1829 480 1893 rigerem.
502 1827 905 1892 Nequaquam
927 1831 1087 1880 enim
1107 1845 1244 1882 mea
1262 1829 1413 1882 mihi
1433 1833 1513 1883 ita
1532 1831 1780 1895 placent,
1803 1836 1947 1897 quin
1967 1834 2222 1886 aliorum
2236 1836 2307 1887 de
2324 1835 2416 1887 his

219 1898 562 1951 sententiam
580 1899 828 1951 libenter
847 1899 1171 1965 suscipiam,
1193 1908 1370 1966 atque
1385 1902 1426 1953 fi
1440 1901 1688 1955 rectiora
1708 1905 2029 1957 indubitate
2050 1906 2414 1968 ostenderint,

219 1970 332 2022 illis
362 1970 560 2022 locum
592 1971 909 2035 praebeam.
944 1972 1094 2024 Sunt
1125 1989 1365 2037 quoque
1399 1975 1608 2026 eodem
1640 1978 1883 2027 nomine
1915 1992 2107 2040 pauca
2139 1979 2416 2042 quaedam

220 2041 474 2094 eiusdem
493 2042 626 2094 libri
647 2043 1012 2108 exemplaria
1030 2046 1094 2095 in
1114 2045 1398 2096 nundinis
1419 2046 1995 2099 Francofurtenfibus
2016 2064 2053 2100 a
2073 2049 2416 2114 Bibliopolis

218 2113 562 2166 nostratibus
577 2115 892 2176 divendita,
915 2122 978 2167 ut
993 2116 1069 2167 ad
1084 2115 1262 2168 Italos
1276 2118 1643 2181 potissimum,
1665 2118 1924 2183 aliosque
1941 2126 2168 2172 exteros
2183 2120 2415 2173 Mathe-

218 2187 461 2238 maticos
480 2185 630 2238 mihi
649 2186 798 2238 alias
818 2189 1050 2252 ignotos
1071 2190 1251 2240 etiam
1270 2191 1662 2252 pervenirent,
1688 2191 1847 2254 quod
1868 2196 1923 2242 et
1942 2190 2159 2242 horum
2179 2191 2250 2243 de
2269 2195 2416 2244 meis

218 2257 434 2309 iudicia
471 2257 815 2323 cognoscere
853 2258 1191 2324 satagerem.
1233 2260 1609 2326 Quapropter
1641 2277 1777 2313 cum
1811 2261 1959 2313 mihi
1991 2262 2242 2314 relatum
2274 2264 2415 2325 esset,

217 2328 583 2393 praestantem
612 2330 914 2394 quendam
944 2333 1007 2383 in
1036 2331 1233 2383 Scotia
1261 2332 1469 2397 degere
1500 2332 2011 2394 Mathematicum,
2044 2334 2129 2385 illi
2161 2350 2414 2399 quoque,

217 2406 451 2465 propter
480 2400 618 2453 istuc
650 2401 790 2454 hinc
821 2403 1143 2468 navigandi
1175 2404 1672 2465 commoditatem,
1706 2411 1883 2469 atque
1916 2421 2065 2465 eam,
2100 2422 2235 2470 quae
2268 2409 2416 2457 inter

217 2470 346 2524 haec
377 2472 496 2525 duo
529 2472 728 2538 Regna
760 2474 1170 2527 contrahenda
1200 2475 1462 2536 instabat,
1495 2476 1753 2541 regalem
1785 2475 2148 2538 affinitatem,
2185 2480 2416 2542 copiam

219 2542 474 2595 eiusdem
492 2543 624 2596 libri
644 2544 838 2598 facere
858 2546 1039 2598 volui.
1067 2546 1182 2599 Sed
1201 2547 1478 2599 brevibus
1498 2547 1747 2600 dicendo
1767 2548 1827 2600 id
1847 2549 2007 2612 quod
2028 2564 2121 2600 res
2148 2548 2238 2608 est,
2265 2552 2415 2600 inter

219 2629 426 2667 omnes
445 2615 648 2677 Italiae,
676 2616 1041 2678 Germaniae‚
1068 2618 1287 2671 Galliae
1309 2625 1365 2670 et
1383 2618 1648 2671 Poloniae
1670 2619 2142 2679 MathematicOS‚
2170 2620 2245 2672 ad
2265 2635 2413 2684 quos

217 2684 312 2738 hic
335 2686 481 2739 liber
505 2687 695 2740 noster
719 2692 1002 2754 pervenit,
1030 2705 1209 2742 nemo
1230 2690 1474 2755 uspiam,
1503 2691 1662 2755 quod
1685 2690 1877 2751 sciam,
1904 2698 2166 2756 repertus
2193 2691 2283 2751 est,
2312 2693 2413 2755 qui

212 2772 340 2819 ,non
369 2757 522 2811 ultro
554 2759 759 2812 nostris
791 2761 1011 2814 ibidem
1044 2761 1477 2826 comprehensis
1509 2762 1907 2814 aBertionibus
1938 2761 2100 2814 haud
2127 2765 2413 2827 gravatim

217 2832 587 2894 acquieverit,
615 2831 885 2897 nihilque
905 2832 998 2885 his
1019 2834 1445 2898 opponendum
1471 2833 1911 2898 praesumpserit,
1939 2839 2067 2885 utut
2094 2849 2165 2885 ea
2186 2849 2320 2898 quae
2341 2834 2412 2885 de

217 2899 466 2954 Cometa
484 2901 598 2955 hoc
617 2904 927 2965 traderem,
949 2905 1023 2958 ab
1044 2904 1330 2958 hac'tenus
1347 2907 1585 2969 accepta
1597 2907 1660 2956 in
1673 2905 1883 2957 scholis
1897 2905 2413 2969 Peripateticorum

215 2970 496 3026 sententia
532 2974 880 3037 dissiderent;
920 2979 1043 3029 imo
1080 2983 1135 3029 et
1169 2976 1455 3042 plaerique
1487 2979 1550 3028 in
1583 2976 1927 3036 Germania,
1968 2979 2120 3028 circa
2158 2991 2412 3040 quorum

154 3060 170 3079 τ
215 3042 419 3109 scripta
442 3046 514 3098 de
539 3045 653 3099 hoc
675 3047 928 3100 Cometa
946 3048 1349 3101 Aristarchum
1369 3047 1632 3100 libertate
1654 3048 1790 3099 usus
1811 3042 2266 3115 Philosophi-{lca
2286 3062 2411 3112 ege-

216 3129 360 3177 ram,
389 3116 538 3169 mihi
565 3118 937 3182 postmodum
965 3123 1029 3171 in
1057 3123 1145 3186 ijs,
1177 3136 1313 3184 quae
1340 3123 1402 3171 in
1427 3119 1686 3184 ipsorum
1711 3119 1953 3184 prolatis
1979 3119 2410 3183 redargueram,

215 3185 394 3240 libere
423 3194 479 3241 et
505 3188 775 3243 lubenter
802 3191 1267 3256 subscripserunt,
1299 3191 1521 3255 suaque
1552 3198 1744 3242 errata
1774 3191 1912 3242 inde
1942 3197 2323 3255 agnoverunt,
2358 3196 2412 3241 et

215 3256 393 3311 literis
424 3259 814 3315 hoc-nomine
844 3263 921 3316 ad
948 3279 1045 3316 me
1076 3263 1225 3315 datis
1254 3263 1454 3328 sponte
1487 3260 1872 3314 retractarunt
1906 3261 2101 3326 (prout
2128 3260 2411 3313 volumen

216 3329 472 3384 nostrum
498 3332 889 3398 Epistolarum
908 3334 1454 3387 Astronomicarum
1479 3333 1830 3386 sufficienter
1856 3333 2178 3398 aliquando
2203 3331 2411 3396 proba-

214 3399 316 3465 bit)
344 3408 693 3470 tantumque
724 3409 903 3459 etiam
931 3406 1133 3467 abfuit,
1163 3413 1227 3458 ut
1255 3406 1365 3459 has
1394 3421 1559 3458 meas
1585 3408 1648 3457 in
1674 3404 1777 3458 sua
1804 3404 2018 3469 placita
2044 3403 2411 3526 animalidver-

354 3496 401 3531 20
1374 3528 1378 3532 ,
2268 3490 2411 3527 ones
