2730 4264
1065 325 1480 379 CARMINA
2301 329 2383 380 211

493 469 580 521 Hi
599 467 853 528 valeant,
873 467 1208 533 meritisque
1228 468 1344 521 suis
1365 485 1501 534 quae
1522 469 1700 535 digna
1719 476 2034 534 reportent,

564 540 827 592 Vindicis
847 545 912 591 ut
930 539 1178 592 statuent
1191 541 1221 602 J
1225 556 1336 593 ura
1354 542 1617 593 verenda
1636 541 1768 593 Dei.

493 611 667 664 Salve
688 611 999 663 RanzOum
1019 613 1358 664 venerande
1378 613 1642 665 Henrice
1662 629 1943 678 propage,

565 682 859 735 Uraniam
877 685 1105 747 primus
1125 686 1228 748 qui
1249 687 1409 748 capis
1429 684 1697 749 hospitio,

103 772 126 807 5
492 754 613 806 Hic
632 753 735 806 ubi
753 756 979 806 vicinas
1000 754 1336 820 Hamburgi
1355 756 1656 808 moenibus
1676 756 1890 822 amplis

563 825 1010 891 Wandesburga
1030 841 1219 878 novas
1239 827 1367 878 Arx
1386 827 1565 880 habet
1584 829 1706 880 alta
1725 829 1952 889 domm,

493 896 660 960 Quas
679 896 781 949 fibi
801 896 1114 949 construxit
1133 905 1497 951 memoratus
1517 901 1567 951 is
1588 902 1846 963 optimus
1867 901 2083 962 HerOS,

564 966 711 1021 Octo
731 983 938 1034 gerens
958 971 1096 1021 vitae
1116 968 1292 1021 lustra
1310 968 1547 1034 peracta
1565 970 1702 1023 suae.

491 1039 609 1092 Det
629 1039 795 1092 Deus
816 1039 1076 1092 Astriferi
1096 1040 1326 1105 sapiens
1346 1042 1684 1094 moderator
1706 1043 1964 1110 Olympi,

82 1126 124 1162 ιο
562 1111 692 1163 Nos
712 1110 825 1164 hac
845 1112 1063 1164 utiliter
1082 1112 1230 1164 sorte
1250 1113 1503 1178 locoque
1523 1113 1655 1166 frui.

490 1182 671 1247 Ipfius
692 1190 755 1235 ut
776 1182 996 1236 cunclis
1016 1190 1257 1248 pateant
1276 1186 1566 1238 miracula
1585 1185 1798 1247 TerriS,

560 1254 804 1307 AEthere
824 1258 888 1307 in
908 1255 1161 1308 abstruso
1182 1271 1318 1320 quae
1338 1256 1564 1309 latuere
1585 1257 1704 1310 diu.

491 1325 656 1390 Quin
675 1332 780 1379 tua
799 1326 1082 1387 Ranzovi,
1103 1327 1292 1380 donec
1312 1327 1414 1380 fibi
1433 1328 1619 1381 fidera
1640 1330 1862 1381 coelum

560 1397 863 1459 Vendicat,
884 1397 1113 1465 hospitij
1136 1398 1299 1452 fama
1317 1399 1595 1464 superstes
1617 1403 1739 1453 erit.

79 1507 121 1542 15
242 1499 361 1544 Hoc
391 1512 613 1546 carmen
643 1514 769 1546 cum
798 1503 1089 1547 modernus
1118 1504 1225 1547 Rex
1255 1504 1443 1547 Daniae
1474 1504 1611 1548 forte
1643 1505 1856 1549 fortuna
1889 1506 1942 1549 in
1975 1507 2212 1561 quodam
2244 1507 2379 1551 libro

169 1559 383 1604 Domini
413 1561 629 1606 Henrici
660 1563 927 1618 Ranzovij,
959 1563 1116 1607 bonae
1146 1564 1443 1616 memoriae,
1473 1564 1644 1618 ipsum
1671 1565 2030 1609 Hadersseviae
2059 1566 2113 1609 in
2143 1566 2380 1611 Holsatia

168 1631 235 1663 ex
259 1619 532 1675 inopinato
558 1622 783 1665 invisens
809 1623 1106 1679 reperijsset,
1129 1623 1342 1679 Jacente
1368 1623 1622 1667 nimirum
1642 1625 1695 1667 in
1715 1626 1895 1668 mensa
1923 1625 2073 1679 libro,
2103 1638 2264 1680 quem
2288 1628 2380 1670 Ca-

167 1679 464 1723 lendarium
486 1682 887 1725 Ranzovianum
907 1686 1120 1734 vocant,
1143 1683 1229 1726 cui
1250 1695 1519 1727 annexum
1540 1687 1675 1727 erat:
1705 1685 1814 1728 viso
1834 1685 1986 1729 titulo
2008 1686 2213 1741 Elegiae,
2237 1698 2380 1731 meo-

169 1750 270 1793 que
302 1740 589 1796 subscripto
620 1742 851 1793 nomine,
886 1742 935 1785 ei
965 1743 1284 1797 perlegendo
1317 1744 1546 1786 multum
1577 1743 1898 1788 immoratus
1930 1745 2016 1797 est,
2053 1746 2378 1801 tandemque

73 1805 120 1840 20
168 1799 491 1854 complicato
519 1801 653 1845 libro
681 1801 898 1845 discessit
917 1805 969 1845 et
989 1801 1246 1854 subticuit,
1276 1814 1612 1858 quaecunque
1638 1805 1837 1859 legerat
1857 1805 2192 1848 dissimulans.
2222 1806 2379 1858 Quod

168 1869 293 1902 cum
311 1859 379 1902 ad
396 1871 484 1903 me
501 1860 686 1904 referri
704 1861 926 1905 curasset
944 1861 1204 1905 Dominus
1220 1863 1534 1914 Ranzovius‚
1557 1863 1755 1907 veritus
1774 1876 1842 1907 ne
1861 1877 2003 1920 aegre
2023 1865 2236 1917 ferrem,
2259 1866 2380 1921 Regi

166 1917 220 1961 in
245 1931 438 1962 manus
463 1931 559 1974 per
583 1920 844 1963 incuriam
872 1921 1087 1964 suorum
1113 1922 1471 1965 ministrorum
1499 1922 1709 1978 (quibus
1736 1926 1800 1967 ea
1827 1925 1893 1968 de
1920 1925 2096 1968 caussa
2117 1925 2379 1969 succense-

166 1977 277 2033 bat)
300 1979 601 2033 pervenisse,
632 1980 896 2035 respondi:
928 1981 1158 2024 Tantum
1184 1981 1328 2025 abest
1352 1985 1410 2025 ut
1434 1982 1539 2026 hoc
1567 1983 1783 2027 moleste
1811 1984 2092 2039 accipiam,
2120 1988 2178 2028 ut
2203 1986 2378 2039 potius

166 2041 383 2092 paratus
398 2039 491 2082 [im
507 2039 627 2095 Regi
639 2041 946 2095 exemplum
961 2041 1106 2093 dare,
1130 2042 1165 2084 fi
1180 2041 1427 2084 voluerit:
1451 2042 1721 2086 neminem
1736 2044 1946 2086 enimin
1961 2043 2134 2087 Dania
2152 2045 2266 2097 esse,
2290 2046 2378 2100 qui

72 2103 118 2139 25
166 2097 285 2141 haec
307 2097 411 2142 sese
431 2099 499 2142 fic
520 2099 721 2143 habere
734 2101 852 2156 jure
872 2111 1067 2156 negare
1086 2100 1251 2156 possit,
1272 2101 1382 2145 imo
1403 2101 1485 2145 his
1504 2102 1659 2158 longe
1679 2103 1926 2158 graviora
1945 2116 2076 2148 vera
2097 2104 2195 2148 esse
2215 2108 2315 2149 etc.

166 2263 215 2309 [E
237 2266 275 2300 P.
289 2266 322 2311 J.
337 2266 504 2302 Resenii
523 2267 877 2313 Inscriptionibus
896 2269 1224 2305 Haffniensibus
1245 2269 1450 2312 (Hauniae
1475 2270 1581 2313 1668)
1602 2282 1640 2316 p.
1661 2271 1730 2306 335
1752 2269 1828 2316 sq.]

373 2348 549 2410 SUB
577 2350 1701 2491 ΡΥΚΑΜΙΒΕΟΤΟὲξὲἷὶᾉΓΙΙὲΝΤΟ
1732 2352 2162 2427 QUODAM

478 2530 651 2584 Stans
671 2537 832 2598 tegor
851 2535 915 2584 in
934 2532 1136 2595 solid0,
1156 2541 1369 2586 ventus
1389 2533 1615 2594 fremat,
1637 2537 1787 2600 ignis
1809 2541 1864 2587 et
1884 2535 2063 2588 unda.

70 2627 116 2662 3ο
448 2623 822 2668 Vandesbechi
839 2626 936 2669 An.
961 2626 1271 2678 MDXCVII,
1294 2639 1399 2681 quo
1420 2627 1533 2681 post
1554 2627 1814 2670 diutinum
1833 2628 1887 2671 in
1905 2629 2079 2683 patria

590 2684 805 2728 exilium
826 2685 1046 2729 demum
1066 2686 1294 2741 pristinae
1315 2687 1545 2731 libertati
1564 2687 1826 2730 restitutus
1847 2687 1936 2730 fui.

1591 2772 1831 2826 TYcHo
1860 2774 2089 2826 BRAHE
2117 2774 2228 2827 OT.

164 2919 213 2965 [E
234 2921 378 2958 codice
396 2921 720 2960 Vindobonensi
740 2925 808 2960 lat.
833 2925 988 2967 10686⁶;
1009 2926 1059 2962 cf.
1080 2926 1271 2971 exempla
1290 2924 1494 2962 exstantia
1514 2925 1883 2970 Machanicorum]

56 3011 138 3055 11v
165 3003 267 3064 IN
301 3005 665 3067 LIBRUM
693 3006 1182 3069 TYCHONIS
1211 3008 1563 3069 BRAHEI
1600 3009 1725 3069 DE
1762 3008 2370 3070 MECHANICIS

69 3102 115 3138 3⁵
977 3094 1554 3148 ASTRONOMIAE.

612 3187 842 3241 CCIPE
862 3188 1151 3249 clementi,
1174 3190 1374 3243 Caesar
1395 3190 1771 3249 Germanice,
1791 3190 1960 3242 vultu

720 3260 964 3326 Organa
982 3261 1232 3314 fidereas
1253 3268 1391 3326 apta
1411 3268 1618 3313 notare
1638 3263 1782 3313 vias.

516 3329 631 3382 His
651 3336 737 3382 ter
755 3331 1023 3396 septenos
1043 3333 1414 3385 lustravimus
1435 3332 1604 3384 Astra
1622 3348 1726 3397 per
1746 3333 1975 3393 Anum,

588 3401 866 3455 Sustinuit
885 3410 1117 3456 tantum
1137 3404 1325 3456 donec
1347 3404 1615 3456 Huenna
1635 3405 1829 3456 decus,
2268 3474 2367 3525 Ast

304 3480 374 3517 27·
