2730 4264
1056 334 1474 388 CARMINA
2273 332 2366 384 215

479 480 631 544 Ergo
651 477 736 530 illi
757 483 821 530 ut
839 477 1083 542 superus
1102 477 1284 530 modo
1303 477 1359 529 se
1379 475 1708 528 manifestat
1728 475 2038 541 Olympus,

550 549 644 602 Sic
664 549 874 601 reseret
893 564 1069 614 gazas
1088 548 1298 601 infima
1316 547 1501 601 Terra
1520 547 1669 600 suas,

479 621 642 673 Felix
662 623 727 672 in
744 620 940 672 Terris
961 619 1259 679 CAESAR‚
1280 620 1450 684 super
1469 618 1718 671 AEthera
1736 618 1893 680 felix,

549 691 808 745 AEtheris
830 698 885 744 et
903 690 1104 743 Terrae
1126 694 1221 744 cui
1240 691 1402 744 sacra
1420 691 1562 744 bina
1581 696 1797 756 patent.
2017 758 2058 801 Τ
2096 758 2134 801 Β
2172 757 2208 801 F

161 964 237 1010 [Ex
255 964 445 1010 exemplo
466 963 663 1010 Pragensi
680 963 843 999 Erasmi
858 962 1083 999 Reinholdi
1103 963 1420 999 Prutenicarum
1439 964 1690 1000 Tabularum
1701 974 1715 1005 ;
1733 962 1815 999 vid.
1831 963 1872 998 F.
1886 963 1918 1008 J.
1934 961 2175 1003 Studnieka,
2196 962 2371 998 Ben’cht

255 1015 359 1049 iiber
375 1013 442 1048 die
461 1012 802 1057 astrologischen
824 1011 1003 1048 Studien
1025 1013 1103 1047 des
1125 1011 1270 1057 Tycho
1290 1011 1433 1047 Brahe
1453 1011 1612 1056 (Pragae
1637 1011 1744 1053 1901)
1763 1022 1802 1056 p.
1822 1009 1885 1055 44]

607 1095 908 1149 VAMVIS
927 1095 1195 1148 mortalis
1215 1095 1414 1148 vescor
1433 1095 1782 1148 mortalibus
1803 1098 1964 1148 auris

689 1168 759 1220 Et
779 1183 1019 1233 quoque
1039 1167 1276 1219 mortali
1297 1168 1635 1220 conditione
1655 1182 1909 1232 premor,

480 1239 638 1292 Cum
657 1246 859 1292 tamen
878 1239 1184 1291 Astrorum
1204 1239 1436 1291 sublimi
1456 1246 1654 1291 mente
1673 1245 1905 1291 meatus

550 1311 789 1364 Scrutor
809 1317 864 1363 et
883 1310 1150 1363 AEtherei
1171 1310 1418 1376 Mystica
1435 1310 1557 1363 fata
1576 1310 1714 1375 poli.

479 1382 665 1434 Haud
686 1398 794 1448 ego
814 1382 1080 1435 mortalis
1101 1397 1297 1446 neque
1316 1398 1487 1434 mens
1507 1384 1571 1434 in
1591 1397 1836 1446 corpore
1856 1381 2023 1434 sorde

550 1454 795 1506 Mortali
816 1460 919 1506 aut
938 1460 1108 1506 terrae
1128 1469 1232 1518 pes
1252 1453 1401 1505 mihi
1420 1457 1604 1519 tangit
1623 1453 1894 1514 humum,

479 1525 593 1578 Sed
612 1525 857 1578 sublime
877 1525 1018 1590 polo
1039 1531 1215 1589 caput
1234 1525 1386 1577 vltra
1404 1525 1610 1578 nubila
1630 1525 1774 1577 tollo

550 1597 978 1662 Ambrofiaque
1000 1597 1200 1649 Deum
1221 1612 1357 1649 cum
1371 1597 1401 1659 J
1405 1612 1521 1649 oue
1542 1612 1676 1662 rege
1695 1596 1876 1649 fruor.

161 1807 211 1853 [E
232 1807 377 1846 codice
396 1807 720 1845 Vindobonensi
739 1809 807 1845 lat.
832 1808 1004 1854 1068940]

580 1894 605 1946 Ι
626 1895 768 1959 quid
788 1901 923 1960 agat
943 1896 1162 1960 quaeris
1180 1900 1303 1947 toto
1325 1910 1461 1959 quae
1482 1897 1715 1960 cognita
1735 1894 1935 1960 c[oelo]

649 1966 875 2019 Vrania
894 1969 957 2018 in
976 1973 1148 2018 terrae
1170 1981 1306 2031 quae
1326 1973 1529 2019 tamen
1549 1966 1690 2019 orbe
1713 1965 1883 2031 [fui]t‚

477 2037 627 2090 Vela
647 2038 842 2103 pande
863 2045 918 2090 et
937 2052 1134 2090 remos
1155 2038 1417 2090 Huaenae
1437 2044 1569 2103 pete
1589 2037 1785 2091 littora
1804 2054 2034 2103 paruae:

549 2109 744 2161 Parua
764 2110 922 2162 orbis
941 2112 1144 2175 magni
1163 2109 1402 2162 forfitan
1422 2109 1597 2162 instar
1619 2108 1788 2175 [erit].

478 2180 597 2232 Hic
618 2181 859 2245 expulsa
879 2181 981 2233 diu
1000 2187 1123 2233 toto
1145 2188 1200 2234 et
1221 2184 1388 2233 omni
1408 2181 1547 2233 exul
1566 2184 1629 2233 in
1650 2182 1792 2234 orbe

551 2252 777 2305 Gauisa
797 2252 872 2305 est
891 2253 1057 2305 lassos
1077 2252 1256 2318 figere
1278 2253 1420 2306 diua
1438 2254 1635 2318 pedes,

479 2323 781 2376 Chaldeos
800 2324 1030 2377 Arabes
1052 2324 1296 2378 Graecol

1854 3525 1858 3528 .
1942 3476 2363 3530 APPENDIX.
